2025-10-02 22:54:56.855117	DEBUG	kucoin_adapter	[KUCOIN_ADAPTER] Publishing unified message: {"exchange":"kucoin","symbol":"ERG/USDT","unified_symbol":{"base_currency":"ERG","quote_currency":"USDT","market_type":"spot","symbol":"ERG/USDT","original_symbol":"ERG-USDT"},"message_type":"best_price","timestamp":"2025-10-02T22:54:56.855080643+02:00","data":{"symbol":"ERG/USDT","unified_symbol":{"base_currency":"ERG","quote_currency":"USDT","market_type":"spot","symbol":"ERG/USDT","original_symbol":"ERG-USDT"},"timestamp":"2025-10-02T22:54:56.855080643+02:00","best_bid":0,"best_ask":0,"bid_volume":0,"ask_volume":0,"raw":{"id":"","type":"message","topic":"/spotMarket/level1:ERG-USDT","userId":"","data":{"asks":["0.7478","6481.0189"],"bids":["0.7469","107.7382"],"timestamp":1759438490057},"ts":0}},"pair_id":12204}
2025-10-02 22:54:56.855267	DEBUG	message_bus	[MESSAGE_BUS] No subscribers for exchange kucoin
2025-10-02 22:54:56.855277	DEBUG	kucoin_adapter	[KUCOIN_ADAPTER] Message published to message bus
2025-10-02 22:54:56.891324	DEBUG	kucoin_adapter	[KUCOIN_ADAPTER] RECEIVED from KuCoin: {"topic":"/spotMarket/level1:ERG-USDT","type":"message","subject":"level1","data":{"asks":["0.7486","13.9193"],"bids":["0.7469","107.7382"],"timestamp":1759438490093}}
2025-10-02 22:54:56.891365	DEBUG	kucoin_adapter	[KUCOIN_ADAPTER] Added PairID 12204 for symbol ERG/USDT
2025-10-02 22:54:56.891383	DEBUG	kucoin_adapter	[KUCOIN_ADAPTER] Publishing unified message: {"exchange":"kucoin","symbol":"ERG/USDT","unified_symbol":{"base_currency":"ERG","quote_currency":"USDT","market_type":"spot","symbol":"ERG/USDT","original_symbol":"ERG-USDT"},"message_type":"best_price","timestamp":"2025-10-02T22:54:56.891355159+02:00","data":{"symbol":"ERG/USDT","unified_symbol":{"base_currency":"ERG","quote_currency":"USDT","market_type":"spot","symbol":"ERG/USDT","original_symbol":"ERG-USDT"},"timestamp":"2025-10-02T22:54:56.891355159+02:00","best_bid":0,"best_ask":0,"bid_volume":0,"ask_volume":0,"raw":{"id":"","type":"message","topic":"/spotMarket/level1:ERG-USDT","userId":"","data":{"asks":["0.7486","13.9193"],"bids":["0.7469","107.7382"],"timestamp":1759438490093},"ts":0}},"pair_id":12204}
2025-10-02 22:54:56.891392	DEBUG	message_bus	[MESSAGE_BUS] No subscribers for exchange kucoin
2025-10-02 22:54:56.891399	DEBUG	kucoin_adapter	[KUCOIN_ADAPTER] Message published to message bus
2025-10-02 22:54:56.904643	DEBUG	kucoin_adapter	[KUCOIN_ADAPTER] RECEIVED from KuCoin: {"topic":"/spotMarket/level1:ERG-USDT","type":"message","subject":"level1","data":{"asks":["0.7484","6481.0189"],"bids":["0.747","25.4338"],"timestamp":1759438490107}}
2025-10-02 22:54:56.904671	DEBUG	kucoin_adapter	[KUCOIN_ADAPTER] Added PairID 12204 for symbol ERG/USDT
2025-10-02 22:54:56.904687	DEBUG	kucoin_adapter	[KUCOIN_ADAPTER] Publishing unified message: {"exchange":"kucoin","symbol":"ERG/USDT","unified_symbol":{"base_currency":"ERG","quote_currency":"USDT","market_type":"spot","symbol":"ERG/USDT","original_symbol":"ERG-USDT"},"message_type":"best_price","timestamp":"2025-10-02T22:54:56.904664114+02:00","data":{"symbol":"ERG/USDT","unified_symbol":{"base_currency":"ERG","quote_currency":"USDT","market_type":"spot","symbol":"ERG/USDT","original_symbol":"ERG-USDT"},"timestamp":"2025-10-02T22:54:56.904664114+02:00","best_bid":0,"best_ask":0,"bid_volume":0,"ask_volume":0,"raw":{"id":"","type":"message","topic":"/spotMarket/level1:ERG-USDT","userId":"","data":{"asks":["0.7484","6481.0189"],"bids":["0.747","25.4338"],"timestamp":1759438490107},"ts":0}},"pair_id":12204}
2025-10-02 22:54:56.904694	DEBUG	message_bus	[MESSAGE_BUS] No subscribers for exchange kucoin
2025-10-02 22:54:56.904701	DEBUG	kucoin_adapter	[KUCOIN_ADAPTER] Message published to message bus
2025-10-02 22:54:56.919396	DEBUG	kucoin_adapter	[KUCOIN_ADAPTER] RECEIVED from KuCoin: {"topic":"/spotMarket/level1:ERG-USDT","type":"message","subject":"level1","data":{"asks":["0.7483","35.8184"],"bids":["0.747","25.4338"],"timestamp":1759438490121}}
2025-10-02 22:54:56.919436	DEBUG	kucoin_adapter	[KUCOIN_ADAPTER] Added PairID 12204 for symbol ERG/USDT
2025-10-02 22:54:56.919461	DEBUG	kucoin_adapter	[KUCOIN_ADAPTER] Publishing unified message: {"exchange":"kucoin","symbol":"ERG/USDT","unified_symbol":{"base_currency":"ERG","quote_currency":"USDT","market_type":"spot","symbol":"ERG/USDT","original_symbol":"ERG-USDT"},"message_type":"best_price","timestamp":"2025-10-02T22:54:56.919426143+02:00","data":{"symbol":"ERG/USDT","unified_symbol":{"base_currency":"ERG","quote_currency":"USDT","market_type":"spot","symbol":"ERG/USDT","original_symbol":"ERG-USDT"},"timestamp":"2025-10-02T22:54:56.919426143+02:00","best_bid":0,"best_ask":0,"bid_volume":0,"ask_volume":0,"raw":{"id":"","type":"message","topic":"/spotMarket/level1:ERG-USDT","userId":"","data":{"asks":["0.7483","35.8184"],"bids":["0.747","25.4338"],"timestamp":1759438490121},"ts":0}},"pair_id":12204}
2025-10-02 22:54:56.919469	DEBUG	message_bus	[MESSAGE_BUS] No subscribers for exchange kucoin
2025-10-02 22:54:56.919476	DEBUG	kucoin_adapter	[KUCOIN_ADAPTER] Message published to message bus
2025-10-02 22:54:56.928711	DEBUG	kucoin_adapter	[KUCOIN_ADAPTER] RECEIVED from KuCoin: {"topic":"/spotMarket/level2Depth5:ERG-USDT","type":"message","subject":"level2","data":{"asks":[["0.7481","6481.0189"],["0.7483","35.8184"],["0.7486","13.9193"],["0.7497","33.5533"],["0.7511","10.602"]],"bids":[["0.7469","107.7382"],["0.7462","13.9193"],["0.7456","261.904"],["0.744","16.4313"],["0.7439","415.629"]],"timestamp":1759438490124}}
2025-10-02 22:54:56.928768	DEBUG	kucoin_adapter	[KUCOIN_ADAPTER] Added PairID 12204 for symbol ERG/USDT
2025-10-02 22:54:56.928795	DEBUG	kucoin_adapter	[KUCOIN_ADAPTER] Publishing unified message: {"exchange":"kucoin","symbol":"ERG/USDT","unified_symbol":{"base_currency":"ERG","quote_currency":"USDT","market_type":"spot","symbol":"ERG/USDT","original_symbol":"ERG-USDT"},"message_type":"orderbook","timestamp":"2025-10-02T22:54:56.92874722+02:00","data":{"symbol":"ERG/USDT","unified_symbol":{"base_currency":"ERG","quote_currency":"USDT","market_type":"spot","symbol":"ERG/USDT","original_symbol":"ERG-USDT"},"timestamp":"2025-10-02T22:54:56.92874722+02:00","bids":[{"price":0.7469,"volume":107.7382},{"price":0.7462,"volume":13.9193},{"price":0.7456,"volume":261.904},{"price":0.744,"volume":16.4313},{"price":0.7439,"volume":415.629}],"asks":[{"price":0.7481,"volume":6481.0189},{"price":0.7483,"volume":35.8184},{"price":0.7486,"volume":13.9193},{"price":0.7497,"volume":33.5533},{"price":0.7511,"volume":10.602}],"depth":10,"update_type":"snapshot","raw":{"id":"","type":"message","topic":"/spotMarket/level2Depth5:ERG-USDT","userId":"","data":{"asks":[["0.7481","6481.0189"],["0.7483","35.8184"],["0.7486","13.9193"],["0.7497","33.5533"],["0.7511","10.602"]],"bids":[["0.7469","107.7382"],["0.7462","13.9193"],["0.7456","261.904"],["0.744","16.4313"],["0.7439","415.629"]],"timestamp":1759438490124},"ts":0}},"pair_id":12204}
2025-10-02 22:54:56.928803	DEBUG	message_bus	[MESSAGE_BUS] No subscribers for exchange kucoin
2025-10-02 22:54:56.928809	DEBUG	kucoin_adapter	[KUCOIN_ADAPTER] Message published to message bus
2025-10-02 22:54:56.942889	DEBUG	kucoin_adapter	[KUCOIN_ADAPTER] RECEIVED from KuCoin: {"topic":"/spotMarket/level1:ERG-USDT","type":"message","subject":"level1","data":{"asks":["0.7481","6481.0189"],"bids":["0.7469","107.7382"],"timestamp":1759438490144}}
2025-10-02 22:54:56.942943	DEBUG	kucoin_adapter	[KUCOIN_ADAPTER] Added PairID 12204 for symbol ERG/USDT
2025-10-02 22:54:56.942966	DEBUG	kucoin_adapter	[KUCOIN_ADAPTER] Publishing unified message: {"exchange":"kucoin","symbol":"ERG/USDT","unified_symbol":{"base_currency":"ERG","quote_currency":"USDT","market_type":"spot","symbol":"ERG/USDT","original_symbol":"ERG-USDT"},"message_type":"best_price","timestamp":"2025-10-02T22:54:56.942930014+02:00","data":{"symbol":"ERG/USDT","unified_symbol":{"base_currency":"ERG","quote_currency":"USDT","market_type":"spot","symbol":"ERG/USDT","original_symbol":"ERG-USDT"},"timestamp":"2025-10-02T22:54:56.942930014+02:00","best_bid":0,"best_ask":0,"bid_volume":0,"ask_volume":0,"raw":{"id":"","type":"message","topic":"/spotMarket/level1:ERG-USDT","userId":"","data":{"asks":["0.7481","6481.0189"],"bids":["0.7469","107.7382"],"timestamp":1759438490144},"ts":0}},"pair_id":12204}
2025-10-02 22:54:56.942988	DEBUG	message_bus	[MESSAGE_BUS] No subscribers for exchange kucoin
2025-10-02 22:54:56.942997	DEBUG	kucoin_adapter	[KUCOIN_ADAPTER] Message published to message bus
2025-10-02 22:54:56.955378	DEBUG	kucoin_adapter	[KUCOIN_ADAPTER] RECEIVED from KuCoin: {"topic":"/spotMarket/level1:ERG-USDT","type":"message","subject":"level1","data":{"asks":["0.748","24.8916"],"bids":["0.7469","107.7382"],"timestamp":1759438490157}}
2025-10-02 22:54:56.955432	DEBUG	kucoin_adapter	[KUCOIN_ADAPTER] Added PairID 12204 for symbol ERG/USDT
2025-10-02 22:54:56.955454	DEBUG	kucoin_adapter	[KUCOIN_ADAPTER] Publishing unified message: {"exchange":"kucoin","symbol":"ERG/USDT","unified_symbol":{"base_currency":"ERG","quote_currency":"USDT","market_type":"spot","symbol":"ERG/USDT","original_symbol":"ERG-USDT"},"message_type":"best_price","timestamp":"2025-10-02T22:54:56.955418761+02:00","data":{"symbol":"ERG/USDT","unified_symbol":{"base_currency":"ERG","quote_currency":"USDT","market_type":"spot","symbol":"ERG/USDT","original_symbol":"ERG-USDT"},"timestamp":"2025-10-02T22:54:56.955418761+02:00","best_bid":0,"best_ask":0,"bid_volume":0,"ask_volume":0,"raw":{"id":"","type":"message","topic":"/spotMarket/level1:ERG-USDT","userId":"","data":{"asks":["0.748","24.8916"],"bids":["0.7469","107.7382"],"timestamp":1759438490157},"ts":0}},"pair_id":12204}
2025-10-02 22:54:56.955464	DEBUG	message_bus	[MESSAGE_BUS] No subscribers for exchange kucoin
2025-10-02 22:54:56.955473	DEBUG	kucoin_adapter	[KUCOIN_ADAPTER] Message published to message bus
2025-10-02 22:54:56.969289	DEBUG	kucoin_adapter	[KUCOIN_ADAPTER] RECEIVED from KuCoin: {"topic":"/spotMarket/level1:ERG-USDT","type":"message","subject":"level1","data":{"asks":["0.7478","6481.0189"],"bids":["0.747","25.4338"],"timestamp":1759438490171}}
2025-10-02 22:54:56.969344	DEBUG	kucoin_adapter	[KUCOIN_ADAPTER] Added PairID 12204 for symbol ERG/USDT
2025-10-02 22:54:56.969369	DEBUG	kucoin_adapter	[KUCOIN_ADAPTER] Publishing unified message: {"exchange":"kucoin","symbol":"ERG/USDT","unified_symbol":{"base_currency":"ERG","quote_currency":"USDT","market_type":"spot","symbol":"ERG/USDT","original_symbol":"ERG-USDT"},"message_type":"best_price","timestamp":"2025-10-02T22:54:56.969329684+02:00","data":{"symbol":"ERG/USDT","unified_symbol":{"base_currency":"ERG","quote_currency":"USDT","market_type":"spot","symbol":"ERG/USDT","original_symbol":"ERG-USDT"},"timestamp":"2025-10-02T22:54:56.969329684+02:00","best_bid":0,"best_ask":0,"bid_volume":0,"ask_volume":0,"raw":{"id":"","type":"message","topic":"/spotMarket/level1:ERG-USDT","userId":"","data":{"asks":["0.7478","6481.0189"],"bids":["0.747","25.4338"],"timestamp":1759438490171},"ts":0}},"pair_id":12204}
2025-10-02 22:54:56.969379	DEBUG	message_bus	[MESSAGE_BUS] No subscribers for exchange kucoin
2025-10-02 22:54:56.969388	DEBUG	kucoin_adapter	[KUCOIN_ADAPTER] Message published to message bus
2025-10-02 22:54:57.002379	DEBUG	kucoin_adapter	[KUCOIN_ADAPTER] RECEIVED from KuCoin: {"topic":"/spotMarket/level1:ERG-USDT","type":"message","subject":"level1","data":{"asks":["0.7486","13.9193"],"bids":["0.7469","107.7382"],"timestamp":1759438490204}}
2025-10-02 22:54:57.002434	DEBUG	kucoin_adapter	[KUCOIN_ADAPTER] Added PairID 12204 for symbol ERG/USDT
2025-10-02 22:54:57.002457	DEBUG	kucoin_adapter	[KUCOIN_ADAPTER] Publishing unified message: {"exchange":"kucoin","symbol":"ERG/USDT","unified_symbol":{"base_currency":"ERG","quote_currency":"USDT","market_type":"spot","symbol":"ERG/USDT","original_symbol":"ERG-USDT"},"message_type":"best_price","timestamp":"2025-10-02T22:54:57.002419699+02:00","data":{"symbol":"ERG/USDT","unified_symbol":{"base_currency":"ERG","quote_currency":"USDT","market_type":"spot","symbol":"ERG/USDT","original_symbol":"ERG-USDT"},"timestamp":"2025-10-02T22:54:57.002419699+02:00","best_bid":0,"best_ask":0,"bid_volume":0,"ask_volume":0,"raw":{"id":"","type":"message","topic":"/spotMarket/level1:ERG-USDT","userId":"","data":{"asks":["0.7486","13.9193"],"bids":["0.7469","107.7382"],"timestamp":1759438490204},"ts":0}},"pair_id":12204}
2025-10-02 22:54:57.002481	DEBUG	message_bus	[MESSAGE_BUS] No subscribers for exchange kucoin
2025-10-02 22:54:57.002490	DEBUG	kucoin_adapter	[KUCOIN_ADAPTER] Message published to message bus
2025-10-02 22:54:57.013984	DEBUG	kucoin_adapter	[KUCOIN_ADAPTER] RECEIVED from KuCoin: {"topic":"/spotMarket/level1:ERG-USDT","type":"message","subject":"level1","data":{"asks":["0.7484","6481.0189"],"bids":["0.7469","107.7382"],"timestamp":1759438490215}}
2025-10-02 22:54:57.014039	DEBUG	kucoin_adapter	[KUCOIN_ADAPTER] Added PairID 12204 for symbol ERG/USDT
2025-10-02 22:54:57.014061	DEBUG	kucoin_adapter	[KUCOIN_ADAPTER] Publishing unified message: {"exchange":"kucoin","symbol":"ERG/USDT","unified_symbol":{"base_currency":"ERG","quote_currency":"USDT","market_type":"spot","symbol":"ERG/USDT","original_symbol":"ERG-USDT"},"message_type":"best_price","timestamp":"2025-10-02T22:54:57.014025761+02:00","data":{"symbol":"ERG/USDT","unified_symbol":{"base_currency":"ERG","quote_currency":"USDT","market_type":"spot","symbol":"ERG/USDT","original_symbol":"ERG-USDT"},"timestamp":"2025-10-02T22:54:57.014025761+02:00","best_bid":0,"best_ask":0,"bid_volume":0,"ask_volume":0,"raw":{"id":"","type":"message","topic":"/spotMarket/level1:ERG-USDT","userId":"","data":{"asks":["0.7484","6481.0189"],"bids":["0.7469","107.7382"],"timestamp":1759438490215},"ts":0}},"pair_id":12204}
2025-10-02 22:54:57.014071	DEBUG	message_bus	[MESSAGE_BUS] No subscribers for exchange kucoin
2025-10-02 22:54:57.014080	DEBUG	kucoin_adapter	[KUCOIN_ADAPTER] Message published to message bus
2025-10-02 22:54:57.023067	DEBUG	kucoin_adapter	[KUCOIN_ADAPTER] RECEIVED from KuCoin: {"topic":"/spotMarket/level1:ERG-USDT","type":"message","subject":"level1","data":{"asks":["0.7479","27.3269"],"bids":["0.7469","107.7382"],"timestamp":1759438490224}}
2025-10-02 22:54:57.023122	DEBUG	kucoin_adapter	[KUCOIN_ADAPTER] Added PairID 12204 for symbol ERG/USDT
2025-10-02 22:54:57.023144	DEBUG	kucoin_adapter	[KUCOIN_ADAPTER] Publishing unified message: {"exchange":"kucoin","symbol":"ERG/USDT","unified_symbol":{"base_currency":"ERG","quote_currency":"USDT","market_type":"spot","symbol":"ERG/USDT","original_symbol":"ERG-USDT"},"message_type":"best_price","timestamp":"2025-10-02T22:54:57.023109072+02:00","data":{"symbol":"ERG/USDT","unified_symbol":{"base_currency":"ERG","quote_currency":"USDT","market_type":"spot","symbol":"ERG/USDT","original_symbol":"ERG-USDT"},"timestamp":"2025-10-02T22:54:57.023109072+02:00","best_bid":0,"best_ask":0,"bid_volume":0,"ask_volume":0,"raw":{"id":"","type":"message","topic":"/spotMarket/level1:ERG-USDT","userId":"","data":{"asks":["0.7479","27.3269"],"bids":["0.7469","107.7382"],"timestamp":1759438490224},"ts":0}},"pair_id":12204}
2025-10-02 22:54:57.023159	DEBUG	message_bus	[MESSAGE_BUS] No subscribers for exchange kucoin
2025-10-02 22:54:57.023168	DEBUG	kucoin_adapter	[KUCOIN_ADAPTER] Message published to message bus
2025-10-02 22:54:57.032005	DEBUG	kucoin_adapter	[KUCOIN_ADAPTER] RECEIVED from KuCoin: {"topic":"/spotMarket/level2Depth5:ERG-USDT","type":"message","subject":"level2","data":{"asks":[["0.7479","27.3269"],["0.7484","6481.0189"],["0.7486","13.9193"],["0.7497","33.5533"],["0.7511","10.602"]],"bids":[["0.7469","107.7382"],["0.7462","13.9193"],["0.7456","261.904"],["0.744","16.4313"],["0.7439","415.629"]],"timestamp":1759438490219}}
2025-10-02 22:54:57.032087	DEBUG	kucoin_adapter	[KUCOIN_ADAPTER] Added PairID 12204 for symbol ERG/USDT
2025-10-02 22:54:57.032125	DEBUG	kucoin_adapter	[KUCOIN_ADAPTER] Publishing unified message: {"exchange":"kucoin","symbol":"ERG/USDT","unified_symbol":{"base_currency":"ERG","quote_currency":"USDT","market_type":"spot","symbol":"ERG/USDT","original_symbol":"ERG-USDT"},"message_type":"orderbook","timestamp":"2025-10-02T22:54:57.032058583+02:00","data":{"symbol":"ERG/USDT","unified_symbol":{"base_currency":"ERG","quote_currency":"USDT","market_type":"spot","symbol":"ERG/USDT","original_symbol":"ERG-USDT"},"timestamp":"2025-10-02T22:54:57.032058583+02:00","bids":[{"price":0.7469,"volume":107.7382},{"price":0.7462,"volume":13.9193},{"price":0.7456,"volume":261.904},{"price":0.744,"volume":16.4313},{"price":0.7439,"volume":415.629}],"asks":[{"price":0.7479,"volume":27.3269},{"price":0.7484,"volume":6481.0189},{"price":0.7486,"volume":13.9193},{"price":0.7497,"volume":33.5533},{"price":0.7511,"volume":10.602}],"depth":10,"update_type":"snapshot","raw":{"id":"","type":"message","topic":"/spotMarket/level2Depth5:ERG-USDT","userId":"","data":{"asks":[["0.7479","27.3269"],["0.7484","6481.0189"],["0.7486","13.9193"],["0.7497","33.5533"],["0.7511","10.602"]],"bids":[["0.7469","107.7382"],["0.7462","13.9193"],["0.7456","261.904"],["0.744","16.4313"],["0.7439","415.629"]],"timestamp":1759438490219},"ts":0}},"pair_id":12204}
2025-10-02 22:54:57.032152	DEBUG	message_bus	[MESSAGE_BUS] No subscribers for exchange kucoin
2025-10-02 22:54:57.032160	DEBUG	kucoin_adapter	[KUCOIN_ADAPTER] Message published to message bus
2025-10-02 22:54:57.035661	DEBUG	kucoin_adapter	[KUCOIN_ADAPTER] RECEIVED from KuCoin: {"topic":"/spotMarket/level1:ERG-USDT","type":"message","subject":"level1","data":{"asks":["0.7479","27.3269"],"bids":["0.747","25.4338"],"timestamp":1759438490237}}
2025-10-02 22:54:57.035715	DEBUG	kucoin_adapter	[KUCOIN_ADAPTER] Added PairID 12204 for symbol ERG/USDT
2025-10-02 22:54:57.035738	DEBUG	kucoin_adapter	[KUCOIN_ADAPTER] Publishing unified message: {"exchange":"kucoin","symbol":"ERG/USDT","unified_symbol":{"base_currency":"ERG","quote_currency":"USDT","market_type":"spot","symbol":"ERG/USDT","original_symbol":"ERG-USDT"},"message_type":"best_price","timestamp":"2025-10-02T22:54:57.035702045+02:00","data":{"symbol":"ERG/USDT","unified_symbol":{"base_currency":"ERG","quote_currency":"USDT","market_type":"spot","symbol":"ERG/USDT","original_symbol":"ERG-USDT"},"timestamp":"2025-10-02T22:54:57.035702045+02:00","best_bid":0,"best_ask":0,"bid_volume":0,"ask_volume":0,"raw":{"id":"","type":"message","topic":"/spotMarket/level1:ERG-USDT","userId":"","data":{"asks":["0.7479","27.3269"],"bids":["0.747","25.4338"],"timestamp":1759438490237},"ts":0}},"pair_id":12204}
2025-10-02 22:54:57.035748	DEBUG	message_bus	[MESSAGE_BUS] No subscribers for exchange kucoin
2025-10-02 22:54:57.035756	DEBUG	kucoin_adapter	[KUCOIN_ADAPTER] Message published to message bus
2025-10-02 22:54:57.049127	DEBUG	kucoin_adapter	[KUCOIN_ADAPTER] RECEIVED from KuCoin: {"topic":"/spotMarket/level1:ERG-USDT","type":"message","subject":"level1","data":{"asks":["0.7477","6481.0189"],"bids":["0.747","25.4338"],"timestamp":1759438490250}}
2025-10-02 22:54:57.049183	DEBUG	kucoin_adapter	[KUCOIN_ADAPTER] Added PairID 12204 for symbol ERG/USDT
2025-10-02 22:54:57.049206	DEBUG	kucoin_adapter	[KUCOIN_ADAPTER] Publishing unified message: {"exchange":"kucoin","symbol":"ERG/USDT","unified_symbol":{"base_currency":"ERG","quote_currency":"USDT","market_type":"spot","symbol":"ERG/USDT","original_symbol":"ERG-USDT"},"message_type":"best_price","timestamp":"2025-10-02T22:54:57.049170198+02:00","data":{"symbol":"ERG/USDT","unified_symbol":{"base_currency":"ERG","quote_currency":"USDT","market_type":"spot","symbol":"ERG/USDT","original_symbol":"ERG-USDT"},"timestamp":"2025-10-02T22:54:57.049170198+02:00","best_bid":0,"best_ask":0,"bid_volume":0,"ask_volume":0,"raw":{"id":"","type":"message","topic":"/spotMarket/level1:ERG-USDT","userId":"","data":{"asks":["0.7477","6481.0189"],"bids":["0.747","25.4338"],"timestamp":1759438490250},"ts":0}},"pair_id":12204}
2025-10-02 22:54:57.049216	DEBUG	message_bus	[MESSAGE_BUS] No subscribers for exchange kucoin
2025-10-02 22:54:57.049225	DEBUG	kucoin_adapter	[KUCOIN_ADAPTER] Message published to message bus
2025-10-02 22:54:57.072314	DEBUG	kucoin_adapter	[KUCOIN_ADAPTER] RECEIVED from KuCoin: {"topic":"/spotMarket/level1:ERG-USDT","type":"message","subject":"level1","data":{"asks":["0.7477","6481.0189"],"bids":["0.7469","107.7382"],"timestamp":1759438490274}}
2025-10-02 22:54:57.072370	DEBUG	kucoin_adapter	[KUCOIN_ADAPTER] Added PairID 12204 for symbol ERG/USDT
2025-10-02 22:54:57.072403	DEBUG	kucoin_adapter	[KUCOIN_ADAPTER] Publishing unified message: {"exchange":"kucoin","symbol":"ERG/USDT","unified_symbol":{"base_currency":"ERG","quote_currency":"USDT","market_type":"spot","symbol":"ERG/USDT","original_symbol":"ERG-USDT"},"message_type":"best_price","timestamp":"2025-10-02T22:54:57.072356613+02:00","data":{"symbol":"ERG/USDT","unified_symbol":{"base_currency":"ERG","quote_currency":"USDT","market_type":"spot","symbol":"ERG/USDT","original_symbol":"ERG-USDT"},"timestamp":"2025-10-02T22:54:57.072356613+02:00","best_bid":0,"best_ask":0,"bid_volume":0,"ask_volume":0,"raw":{"id":"","type":"message","topic":"/spotMarket/level1:ERG-USDT","userId":"","data":{"asks":["0.7477","6481.0189"],"bids":["0.7469","107.7382"],"timestamp":1759438490274},"ts":0}},"pair_id":12204}
2025-10-02 22:54:57.072414	DEBUG	message_bus	[MESSAGE_BUS] No subscribers for exchange kucoin
2025-10-02 22:54:57.072424	DEBUG	kucoin_adapter	[KUCOIN_ADAPTER] Message published to message bus
2025-10-02 22:54:57.086331	DEBUG	kucoin_adapter	[KUCOIN_ADAPTER] RECEIVED from KuCoin: {"topic":"/spotMarket/level1:ERG-USDT","type":"message","subject":"level1","data":{"asks":["0.7481","6481.0189"],"bids":["0.7469","107.7382"],"timestamp":1759438490288}}
2025-10-02 22:54:57.086389	DEBUG	kucoin_adapter	[KUCOIN_ADAPTER] Added PairID 12204 for symbol ERG/USDT
2025-10-02 22:54:57.086414	DEBUG	kucoin_adapter	[KUCOIN_ADAPTER] Publishing unified message: {"exchange":"kucoin","symbol":"ERG/USDT","unified_symbol":{"base_currency":"ERG","quote_currency":"USDT","market_type":"spot","symbol":"ERG/USDT","original_symbol":"ERG-USDT"},"message_type":"best_price","timestamp":"2025-10-02T22:54:57.086372784+02:00","data":{"symbol":"ERG/USDT","unified_symbol":{"base_currency":"ERG","quote_currency":"USDT","market_type":"spot","symbol":"ERG/USDT","original_symbol":"ERG-USDT"},"timestamp":"2025-10-02T22:54:57.086372784+02:00","best_bid":0,"best_ask":0,"bid_volume":0,"ask_volume":0,"raw":{"id":"","type":"message","topic":"/spotMarket/level1:ERG-USDT","userId":"","data":{"asks":["0.7481","6481.0189"],"bids":["0.7469","107.7382"],"timestamp":1759438490288},"ts":0}},"pair_id":12204}
2025-10-02 22:54:57.086425	DEBUG	message_bus	[MESSAGE_BUS] No subscribers for exchange kucoin
2025-10-02 22:54:57.086433	DEBUG	kucoin_adapter	[KUCOIN_ADAPTER] Message published to message bus
2025-10-02 22:54:57.111406	DEBUG	kucoin_adapter	[KUCOIN_ADAPTER] RECEIVED from KuCoin: {"topic":"/spotMarket/level1:ERG-USDT","type":"message","subject":"level1","data":{"asks":["0.748","25.963"],"bids":["0.747","25.4338"],"timestamp":1759438490313}}
2025-10-02 22:54:57.111463	DEBUG	kucoin_adapter	[KUCOIN_ADAPTER] Added PairID 12204 for symbol ERG/USDT
2025-10-02 22:54:57.111487	DEBUG	kucoin_adapter	[KUCOIN_ADAPTER] Publishing unified message: {"exchange":"kucoin","symbol":"ERG/USDT","unified_symbol":{"base_currency":"ERG","quote_currency":"USDT","market_type":"spot","symbol":"ERG/USDT","original_symbol":"ERG-USDT"},"message_type":"best_price","timestamp":"2025-10-02T22:54:57.111448622+02:00","data":{"symbol":"ERG/USDT","unified_symbol":{"base_currency":"ERG","quote_currency":"USDT","market_type":"spot","symbol":"ERG/USDT","original_symbol":"ERG-USDT"},"timestamp":"2025-10-02T22:54:57.111448622+02:00","best_bid":0,"best_ask":0,"bid_volume":0,"ask_volume":0,"raw":{"id":"","type":"message","topic":"/spotMarket/level1:ERG-USDT","userId":"","data":{"asks":["0.748","25.963"],"bids":["0.747","25.4338"],"timestamp":1759438490313},"ts":0}},"pair_id":12204}
2025-10-02 22:54:57.111497	DEBUG	message_bus	[MESSAGE_BUS] No subscribers for exchange kucoin
2025-10-02 22:54:57.111505	DEBUG	kucoin_adapter	[KUCOIN_ADAPTER] Message published to message bus
2025-10-02 22:54:57.132177	DEBUG	kucoin_adapter	[KUCOIN_ADAPTER] RECEIVED from KuCoin: {"topic":"/spotMarket/level2Depth5:ERG-USDT","type":"message","subject":"level2","data":{"asks":[["0.7478","6481.0189"],["0.748","25.963"],["0.7486","13.9193"],["0.7497","33.5533"],["0.7511","10.602"]],"bids":[["0.747","25.4338"],["0.7469","107.7382"],["0.7462","13.9193"],["0.7456","261.904"],["0.744","16.4313"]],"timestamp":1759438490319}}
2025-10-02 22:54:57.132266	DEBUG	kucoin_adapter	[KUCOIN_ADAPTER] Added PairID 12204 for symbol ERG/USDT
2025-10-02 22:54:57.132301	DEBUG	kucoin_adapter	[KUCOIN_ADAPTER] Publishing unified message: {"exchange":"kucoin","symbol":"ERG/USDT","unified_symbol":{"base_currency":"ERG","quote_currency":"USDT","market_type":"spot","symbol":"ERG/USDT","original_symbol":"ERG-USDT"},"message_type":"orderbook","timestamp":"2025-10-02T22:54:57.132238043+02:00","data":{"symbol":"ERG/USDT","unified_symbol":{"base_currency":"ERG","quote_currency":"USDT","market_type":"spot","symbol":"ERG/USDT","original_symbol":"ERG-USDT"},"timestamp":"2025-10-02T22:54:57.132238043+02:00","bids":[{"price":0.747,"volume":25.4338},{"price":0.7469,"volume":107.7382},{"price":0.7462,"volume":13.9193},{"price":0.7456,"volume":261.904},{"price":0.744,"volume":16.4313}],"asks":[{"price":0.7478,"volume":6481.0189},{"price":0.748,"volume":25.963},{"price":0.7486,"volume":13.9193},{"price":0.7497,"volume":33.5533},{"price":0.7511,"volume":10.602}],"depth":10,"update_type":"snapshot","raw":{"id":"","type":"message","topic":"/spotMarket/level2Depth5:ERG-USDT","userId":"","data":{"asks":[["0.7478","6481.0189"],["0.748","25.963"],["0.7486","13.9193"],["0.7497","33.5533"],["0.7511","10.602"]],"bids":[["0.747","25.4338"],["0.7469","107.7382"],["0.7462","13.9193"],["0.7456","261.904"],["0.744","16.4313"]],"timestamp":1759438490319},"ts":0}},"pair_id":12204}
2025-10-02 22:54:57.132322	DEBUG	message_bus	[MESSAGE_BUS] No subscribers for exchange kucoin
2025-10-02 22:54:57.132331	DEBUG	kucoin_adapter	[KUCOIN_ADAPTER] Message published to message bus
2025-10-02 22:54:57.132341	DEBUG	kucoin_adapter	[KUCOIN_ADAPTER] RECEIVED from KuCoin: {"topic":"/spotMarket/level1:ERG-USDT","type":"message","subject":"level1","data":{"asks":["0.7478","6481.0189"],"bids":["0.747","25.4338"],"timestamp":1759438490333}}
2025-10-02 22:54:57.132366	DEBUG	kucoin_adapter	[KUCOIN_ADAPTER] Added PairID 12204 for symbol ERG/USDT
2025-10-02 22:54:57.132385	DEBUG	kucoin_adapter	[KUCOIN_ADAPTER] Publishing unified message: {"exchange":"kucoin","symbol":"ERG/USDT","unified_symbol":{"base_currency":"ERG","quote_currency":"USDT","market_type":"spot","symbol":"ERG/USDT","original_symbol":"ERG-USDT"},"message_type":"best_price","timestamp":"2025-10-02T22:54:57.132357417+02:00","data":{"symbol":"ERG/USDT","unified_symbol":{"base_currency":"ERG","quote_currency":"USDT","market_type":"spot","symbol":"ERG/USDT","original_symbol":"ERG-USDT"},"timestamp":"2025-10-02T22:54:57.132357417+02:00","best_bid":0,"best_ask":0,"bid_volume":0,"ask_volume":0,"raw":{"id":"","type":"message","topic":"/spotMarket/level1:ERG-USDT","userId":"","data":{"asks":["0.7478","6481.0189"],"bids":["0.747","25.4338"],"timestamp":1759438490333},"ts":0}},"pair_id":12204}
2025-10-02 22:54:57.132394	DEBUG	message_bus	[MESSAGE_BUS] No subscribers for exchange kucoin
2025-10-02 22:54:57.132402	DEBUG	kucoin_adapter	[KUCOIN_ADAPTER] Message published to message bus
2025-10-02 22:54:57.147853	DEBUG	kucoin_adapter	[KUCOIN_ADAPTER] RECEIVED from KuCoin: {"topic":"/spotMarket/level1:ERG-USDT","type":"message","subject":"level1","data":{"asks":["0.7486","13.9193"],"bids":["0.747","25.4338"],"timestamp":1759438490349}}
2025-10-02 22:54:57.147907	DEBUG	kucoin_adapter	[KUCOIN_ADAPTER] Added PairID 12204 for symbol ERG/USDT
2025-10-02 22:54:57.147932	DEBUG	kucoin_adapter	[KUCOIN_ADAPTER] Publishing unified message: {"exchange":"kucoin","symbol":"ERG/USDT","unified_symbol":{"base_currency":"ERG","quote_currency":"USDT","market_type":"spot","symbol":"ERG/USDT","original_symbol":"ERG-USDT"},"message_type":"best_price","timestamp":"2025-10-02T22:54:57.147894219+02:00","data":{"symbol":"ERG/USDT","unified_symbol":{"base_currency":"ERG","quote_currency":"USDT","market_type":"spot","symbol":"ERG/USDT","original_symbol":"ERG-USDT"},"timestamp":"2025-10-02T22:54:57.147894219+02:00","best_bid":0,"best_ask":0,"bid_volume":0,"ask_volume":0,"raw":{"id":"","type":"message","topic":"/spotMarket/level1:ERG-USDT","userId":"","data":{"asks":["0.7486","13.9193"],"bids":["0.747","25.4338"],"timestamp":1759438490349},"ts":0}},"pair_id":12204}
2025-10-02 22:54:57.147951	DEBUG	message_bus	[MESSAGE_BUS] No subscribers for exchange kucoin
2025-10-02 22:54:57.147960	DEBUG	kucoin_adapter	[KUCOIN_ADAPTER] Message published to message bus
2025-10-02 22:54:57.188430	DEBUG	kucoin_adapter	[KUCOIN_ADAPTER] RECEIVED from KuCoin: {"topic":"/spotMarket/level1:ERG-USDT","type":"message","subject":"level1","data":{"asks":["0.7483","35.8157"],"bids":["0.747","25.4338"],"timestamp":1759438490390}}
2025-10-02 22:54:57.188484	DEBUG	kucoin_adapter	[KUCOIN_ADAPTER] Added PairID 12204 for symbol ERG/USDT
2025-10-02 22:54:57.188509	DEBUG	kucoin_adapter	[KUCOIN_ADAPTER] Publishing unified message: {"exchange":"kucoin","symbol":"ERG/USDT","unified_symbol":{"base_currency":"ERG","quote_currency":"USDT","market_type":"spot","symbol":"ERG/USDT","original_symbol":"ERG-USDT"},"message_type":"best_price","timestamp":"2025-10-02T22:54:57.188470782+02:00","data":{"symbol":"ERG/USDT","unified_symbol":{"base_currency":"ERG","quote_currency":"USDT","market_type":"spot","symbol":"ERG/USDT","original_symbol":"ERG-USDT"},"timestamp":"2025-10-02T22:54:57.188470782+02:00","best_bid":0,"best_ask":0,"bid_volume":0,"ask_volume":0,"raw":{"id":"","type":"message","topic":"/spotMarket/level1:ERG-USDT","userId":"","data":{"asks":["0.7483","35.8157"],"bids":["0.747","25.4338"],"timestamp":1759438490390},"ts":0}},"pair_id":12204}
2025-10-02 22:54:57.188519	DEBUG	message_bus	[MESSAGE_BUS] No subscribers for exchange kucoin
2025-10-02 22:54:57.188527	DEBUG	kucoin_adapter	[KUCOIN_ADAPTER] Message published to message bus
2025-10-02 22:54:57.203974	DEBUG	kucoin_adapter	[KUCOIN_ADAPTER] RECEIVED from KuCoin: {"topic":"/spotMarket/level1:ERG-USDT","type":"message","subject":"level1","data":{"asks":["0.7481","6481.0189"],"bids":["0.747","25.4338"],"timestamp":1759438490405}}
2025-10-02 22:54:57.204028	DEBUG	kucoin_adapter	[KUCOIN_ADAPTER] Added PairID 12204 for symbol ERG/USDT
2025-10-02 22:54:57.204057	DEBUG	kucoin_adapter	[KUCOIN_ADAPTER] Publishing unified message: {"exchange":"kucoin","symbol":"ERG/USDT","unified_symbol":{"base_currency":"ERG","quote_currency":"USDT","market_type":"spot","symbol":"ERG/USDT","original_symbol":"ERG-USDT"},"message_type":"best_price","timestamp":"2025-10-02T22:54:57.204014898+02:00","data":{"symbol":"ERG/USDT","unified_symbol":{"base_currency":"ERG","quote_currency":"USDT","market_type":"spot","symbol":"ERG/USDT","original_symbol":"ERG-USDT"},"timestamp":"2025-10-02T22:54:57.204014898+02:00","best_bid":0,"best_ask":0,"bid_volume":0,"ask_volume":0,"raw":{"id":"","type":"message","topic":"/spotMarket/level1:ERG-USDT","userId":"","data":{"asks":["0.7481","6481.0189"],"bids":["0.747","25.4338"],"timestamp":1759438490405},"ts":0}},"pair_id":12204}
2025-10-02 22:54:57.204067	DEBUG	message_bus	[MESSAGE_BUS] No subscribers for exchange kucoin
2025-10-02 22:54:57.204077	DEBUG	kucoin_adapter	[KUCOIN_ADAPTER] Message published to message bus
2025-10-02 22:54:57.217328	DEBUG	kucoin_adapter	[KUCOIN_ADAPTER] RECEIVED from KuCoin: {"topic":"/spotMarket/level1:ERG-USDT","type":"message","subject":"level1","data":{"asks":["0.7476","107.38"],"bids":["0.747","25.4338"],"timestamp":1759438490418}}
2025-10-02 22:54:57.217381	DEBUG	kucoin_adapter	[KUCOIN_ADAPTER] Added PairID 12204 for symbol ERG/USDT
2025-10-02 22:54:57.217404	DEBUG	kucoin_adapter	[KUCOIN_ADAPTER] Publishing unified message: {"exchange":"kucoin","symbol":"ERG/USDT","unified_symbol":{"base_currency":"ERG","quote_currency":"USDT","market_type":"spot","symbol":"ERG/USDT","original_symbol":"ERG-USDT"},"message_type":"best_price","timestamp":"2025-10-02T22:54:57.217368576+02:00","data":{"symbol":"ERG/USDT","unified_symbol":{"base_currency":"ERG","quote_currency":"USDT","market_type":"spot","symbol":"ERG/USDT","original_symbol":"ERG-USDT"},"timestamp":"2025-10-02T22:54:57.217368576+02:00","best_bid":0,"best_ask":0,"bid_volume":0,"ask_volume":0,"raw":{"id":"","type":"message","topic":"/spotMarket/level1:ERG-USDT","userId":"","data":{"asks":["0.7476","107.38"],"bids":["0.747","25.4338"],"timestamp":1759438490418},"ts":0}},"pair_id":12204}
2025-10-02 22:54:57.217427	DEBUG	message_bus	[MESSAGE_BUS] No subscribers for exchange kucoin
2025-10-02 22:54:57.217436	DEBUG	kucoin_adapter	[KUCOIN_ADAPTER] Message published to message bus
2025-10-02 22:54:57.230389	DEBUG	kucoin_adapter	[KUCOIN_ADAPTER] RECEIVED from KuCoin: {"topic":"/spotMarket/level2Depth5:ERG-USDT","type":"message","subject":"level2","data":{"asks":[["0.7486","13.9193"],["0.7497","33.5533"],["0.7511","10.602"],["0.7519","82.2133"],["0.7522","6.4115"]],"bids":[["0.7469","107.7382"],["0.7462","13.9193"],["0.7456","261.904"],["0.744","16.4313"],["0.7439","415.629"]],"timestamp":1759438490427}}
2025-10-02 22:54:57.230463	DEBUG	kucoin_adapter	[KUCOIN_ADAPTER] Added PairID 12204 for symbol ERG/USDT
2025-10-02 22:54:57.230495	DEBUG	kucoin_adapter	[KUCOIN_ADAPTER] Publishing unified message: {"exchange":"kucoin","symbol":"ERG/USDT","unified_symbol":{"base_currency":"ERG","quote_currency":"USDT","market_type":"spot","symbol":"ERG/USDT","original_symbol":"ERG-USDT"},"message_type":"orderbook","timestamp":"2025-10-02T22:54:57.230437381+02:00","data":{"symbol":"ERG/USDT","unified_symbol":{"base_currency":"ERG","quote_currency":"USDT","market_type":"spot","symbol":"ERG/USDT","original_symbol":"ERG-USDT"},"timestamp":"2025-10-02T22:54:57.230437381+02:00","bids":[{"price":0.7469,"volume":107.7382},{"price":0.7462,"volume":13.9193},{"price":0.7456,"volume":261.904},{"price":0.744,"volume":16.4313},{"price":0.7439,"volume":415.629}],"asks":[{"price":0.7486,"volume":13.9193},{"price":0.7497,"volume":33.5533},{"price":0.7511,"volume":10.602},{"price":0.7519,"volume":82.2133},{"price":0.7522,"volume":6.4115}],"depth":10,"update_type":"snapshot","raw":{"id":"","type":"message","topic":"/spotMarket/level2Depth5:ERG-USDT","userId":"","data":{"asks":[["0.7486","13.9193"],["0.7497","33.5533"],["0.7511","10.602"],["0.7519","82.2133"],["0.7522","6.4115"]],"bids":[["0.7469","107.7382"],["0.7462","13.9193"],["0.7456","261.904"],["0.744","16.4313"],["0.7439","415.629"]],"timestamp":1759438490427},"ts":0}},"pair_id":12204}
2025-10-02 22:54:57.230507	DEBUG	message_bus	[MESSAGE_BUS] No subscribers for exchange kucoin
2025-10-02 22:54:57.230516	DEBUG	kucoin_adapter	[KUCOIN_ADAPTER] Message published to message bus
2025-10-02 22:54:57.230533	DEBUG	kucoin_adapter	[KUCOIN_ADAPTER] RECEIVED from KuCoin: {"topic":"/spotMarket/level1:ERG-USDT","type":"message","subject":"level1","data":{"asks":["0.7486","13.9193"],"bids":["0.7469","107.7382"],"timestamp":1759438490432}}
2025-10-02 22:54:57.230570	DEBUG	kucoin_adapter	[KUCOIN_ADAPTER] Added PairID 12204 for symbol ERG/USDT
2025-10-02 22:54:57.230589	DEBUG	kucoin_adapter	[KUCOIN_ADAPTER] Publishing unified message: {"exchange":"kucoin","symbol":"ERG/USDT","unified_symbol":{"base_currency":"ERG","quote_currency":"USDT","market_type":"spot","symbol":"ERG/USDT","original_symbol":"ERG-USDT"},"message_type":"best_price","timestamp":"2025-10-02T22:54:57.230558989+02:00","data":{"symbol":"ERG/USDT","unified_symbol":{"base_currency":"ERG","quote_currency":"USDT","market_type":"spot","symbol":"ERG/USDT","original_symbol":"ERG-USDT"},"timestamp":"2025-10-02T22:54:57.230558989+02:00","best_bid":0,"best_ask":0,"bid_volume":0,"ask_volume":0,"raw":{"id":"","type":"message","topic":"/spotMarket/level1:ERG-USDT","userId":"","data":{"asks":["0.7486","13.9193"],"bids":["0.7469","107.7382"],"timestamp":1759438490432},"ts":0}},"pair_id":12204}
2025-10-02 22:54:57.230597	DEBUG	message_bus	[MESSAGE_BUS] No subscribers for exchange kucoin
2025-10-02 22:54:57.230621	DEBUG	kucoin_adapter	[KUCOIN_ADAPTER] Message published to message bus
2025-10-02 22:54:57.251448	DEBUG	kucoin_adapter	[KUCOIN_ADAPTER] RECEIVED from KuCoin: {"topic":"/spotMarket/level1:ERG-USDT","type":"message","subject":"level1","data":{"asks":["0.7484","6481.0189"],"bids":["0.7469","107.7382"],"timestamp":1759438490453}}
2025-10-02 22:54:57.251503	DEBUG	kucoin_adapter	[KUCOIN_ADAPTER] Added PairID 12204 for symbol ERG/USDT
2025-10-02 22:54:57.251535	DEBUG	kucoin_adapter	[KUCOIN_ADAPTER] Publishing unified message: {"exchange":"kucoin","symbol":"ERG/USDT","unified_symbol":{"base_currency":"ERG","quote_currency":"USDT","market_type":"spot","symbol":"ERG/USDT","original_symbol":"ERG-USDT"},"message_type":"best_price","timestamp":"2025-10-02T22:54:57.251490446+02:00","data":{"symbol":"ERG/USDT","unified_symbol":{"base_currency":"ERG","quote_currency":"USDT","market_type":"spot","symbol":"ERG/USDT","original_symbol":"ERG-USDT"},"timestamp":"2025-10-02T22:54:57.251490446+02:00","best_bid":0,"best_ask":0,"bid_volume":0,"ask_volume":0,"raw":{"id":"","type":"message","topic":"/spotMarket/level1:ERG-USDT","userId":"","data":{"asks":["0.7484","6481.0189"],"bids":["0.7469","107.7382"],"timestamp":1759438490453},"ts":0}},"pair_id":12204}
2025-10-02 22:54:57.251546	DEBUG	message_bus	[MESSAGE_BUS] No subscribers for exchange kucoin
2025-10-02 22:54:57.251554	DEBUG	kucoin_adapter	[KUCOIN_ADAPTER] Message published to message bus
2025-10-02 22:54:57.263750	DEBUG	kucoin_adapter	[KUCOIN_ADAPTER] RECEIVED from KuCoin: {"topic":"/spotMarket/level1:ERG-USDT","type":"message","subject":"level1","data":{"asks":["0.748","107.38"],"bids":["0.747","25.4338"],"timestamp":1759438490463}}
2025-10-02 22:54:57.263803	DEBUG	kucoin_adapter	[KUCOIN_ADAPTER] Added PairID 12204 for symbol ERG/USDT
2025-10-02 22:54:57.263825	DEBUG	kucoin_adapter	[KUCOIN_ADAPTER] Publishing unified message: {"exchange":"kucoin","symbol":"ERG/USDT","unified_symbol":{"base_currency":"ERG","quote_currency":"USDT","market_type":"spot","symbol":"ERG/USDT","original_symbol":"ERG-USDT"},"message_type":"best_price","timestamp":"2025-10-02T22:54:57.263789978+02:00","data":{"symbol":"ERG/USDT","unified_symbol":{"base_currency":"ERG","quote_currency":"USDT","market_type":"spot","symbol":"ERG/USDT","original_symbol":"ERG-USDT"},"timestamp":"2025-10-02T22:54:57.263789978+02:00","best_bid":0,"best_ask":0,"bid_volume":0,"ask_volume":0,"raw":{"id":"","type":"message","topic":"/spotMarket/level1:ERG-USDT","userId":"","data":{"asks":["0.748","107.38"],"bids":["0.747","25.4338"],"timestamp":1759438490463},"ts":0}},"pair_id":12204}
2025-10-02 22:54:57.263835	DEBUG	message_bus	[MESSAGE_BUS] No subscribers for exchange kucoin
2025-10-02 22:54:57.263844	DEBUG	kucoin_adapter	[KUCOIN_ADAPTER] Message published to message bus
2025-10-02 22:54:57.281498	DEBUG	kucoin_adapter	[KUCOIN_ADAPTER] RECEIVED from KuCoin: {"topic":"/spotMarket/level1:ERG-USDT","type":"message","subject":"level1","data":{"asks":["0.7478","6481.0189"],"bids":["0.747","25.4338"],"timestamp":1759438490483}}
2025-10-02 22:54:57.281551	DEBUG	kucoin_adapter	[KUCOIN_ADAPTER] Added PairID 12204 for symbol ERG/USDT
2025-10-02 22:54:57.281574	DEBUG	kucoin_adapter	[KUCOIN_ADAPTER] Publishing unified message: {"exchange":"kucoin","symbol":"ERG/USDT","unified_symbol":{"base_currency":"ERG","quote_currency":"USDT","market_type":"spot","symbol":"ERG/USDT","original_symbol":"ERG-USDT"},"message_type":"best_price","timestamp":"2025-10-02T22:54:57.281538227+02:00","data":{"symbol":"ERG/USDT","unified_symbol":{"base_currency":"ERG","quote_currency":"USDT","market_type":"spot","symbol":"ERG/USDT","original_symbol":"ERG-USDT"},"timestamp":"2025-10-02T22:54:57.281538227+02:00","best_bid":0,"best_ask":0,"bid_volume":0,"ask_volume":0,"raw":{"id":"","type":"message","topic":"/spotMarket/level1:ERG-USDT","userId":"","data":{"asks":["0.7478","6481.0189"],"bids":["0.747","25.4338"],"timestamp":1759438490483},"ts":0}},"pair_id":12204}
2025-10-02 22:54:57.281583	DEBUG	message_bus	[MESSAGE_BUS] No subscribers for exchange kucoin
2025-10-02 22:54:57.281592	DEBUG	kucoin_adapter	[KUCOIN_ADAPTER] Message published to message bus
2025-10-02 22:54:57.326096	DEBUG	kucoin_adapter	[KUCOIN_ADAPTER] RECEIVED from KuCoin: {"topic":"/spotMarket/level1:ERG-USDT","type":"message","subject":"level1","data":{"asks":["0.7477","13.8088"],"bids":["0.747","25.4338"],"timestamp":1759438490527}}
2025-10-02 22:54:57.326149	DEBUG	kucoin_adapter	[KUCOIN_ADAPTER] Added PairID 12204 for symbol ERG/USDT
2025-10-02 22:54:57.326184	DEBUG	kucoin_adapter	[KUCOIN_ADAPTER] Publishing unified message: {"exchange":"kucoin","symbol":"ERG/USDT","unified_symbol":{"base_currency":"ERG","quote_currency":"USDT","market_type":"spot","symbol":"ERG/USDT","original_symbol":"ERG-USDT"},"message_type":"best_price","timestamp":"2025-10-02T22:54:57.32613635+02:00","data":{"symbol":"ERG/USDT","unified_symbol":{"base_currency":"ERG","quote_currency":"USDT","market_type":"spot","symbol":"ERG/USDT","original_symbol":"ERG-USDT"},"timestamp":"2025-10-02T22:54:57.32613635+02:00","best_bid":0,"best_ask":0,"bid_volume":0,"ask_volume":0,"raw":{"id":"","type":"message","topic":"/spotMarket/level1:ERG-USDT","userId":"","data":{"asks":["0.7477","13.8088"],"bids":["0.747","25.4338"],"timestamp":1759438490527},"ts":0}},"pair_id":12204}
2025-10-02 22:54:57.326200	DEBUG	message_bus	[MESSAGE_BUS] No subscribers for exchange kucoin
2025-10-02 22:54:57.326208	DEBUG	kucoin_adapter	[KUCOIN_ADAPTER] Message published to message bus
2025-10-02 22:54:57.341082	DEBUG	kucoin_adapter	[KUCOIN_ADAPTER] RECEIVED from KuCoin: {"topic":"/spotMarket/level2Depth5:ERG-USDT","type":"message","subject":"level2","data":{"asks":[["0.7475","6481.0189"],["0.7477","13.8088"],["0.7486","13.9193"],["0.7497","33.5533"],["0.7511","10.602"]],"bids":[["0.7469","107.7382"],["0.7462","13.9193"],["0.7456","261.904"],["0.744","16.4313"],["0.7439","415.629"]],"timestamp":1759438490535}}
2025-10-02 22:54:57.341157	DEBUG	kucoin_adapter	[KUCOIN_ADAPTER] Added PairID 12204 for symbol ERG/USDT
2025-10-02 22:54:57.341189	DEBUG	kucoin_adapter	[KUCOIN_ADAPTER] Publishing unified message: {"exchange":"kucoin","symbol":"ERG/USDT","unified_symbol":{"base_currency":"ERG","quote_currency":"USDT","market_type":"spot","symbol":"ERG/USDT","original_symbol":"ERG-USDT"},"message_type":"orderbook","timestamp":"2025-10-02T22:54:57.341129122+02:00","data":{"symbol":"ERG/USDT","unified_symbol":{"base_currency":"ERG","quote_currency":"USDT","market_type":"spot","symbol":"ERG/USDT","original_symbol":"ERG-USDT"},"timestamp":"2025-10-02T22:54:57.341129122+02:00","bids":[{"price":0.7469,"volume":107.7382},{"price":0.7462,"volume":13.9193},{"price":0.7456,"volume":261.904},{"price":0.744,"volume":16.4313},{"price":0.7439,"volume":415.629}],"asks":[{"price":0.7475,"volume":6481.0189},{"price":0.7477,"volume":13.8088},{"price":0.7486,"volume":13.9193},{"price":0.7497,"volume":33.5533},{"price":0.7511,"volume":10.602}],"depth":10,"update_type":"snapshot","raw":{"id":"","type":"message","topic":"/spotMarket/level2Depth5:ERG-USDT","userId":"","data":{"asks":[["0.7475","6481.0189"],["0.7477","13.8088"],["0.7486","13.9193"],["0.7497","33.5533"],["0.7511","10.602"]],"bids":[["0.7469","107.7382"],["0.7462","13.9193"],["0.7456","261.904"],["0.744","16.4313"],["0.7439","415.629"]],"timestamp":1759438490535},"ts":0}},"pair_id":12204}
2025-10-02 22:54:57.341200	DEBUG	message_bus	[MESSAGE_BUS] No subscribers for exchange kucoin
2025-10-02 22:54:57.341210	DEBUG	kucoin_adapter	[KUCOIN_ADAPTER] Message published to message bus
2025-10-02 22:54:57.341225	DEBUG	kucoin_adapter	[KUCOIN_ADAPTER] RECEIVED from KuCoin: {"topic":"/spotMarket/level1:ERG-USDT","type":"message","subject":"level1","data":{"asks":["0.7475","6481.0189"],"bids":["0.7469","107.7382"],"timestamp":1759438490542}}
2025-10-02 22:54:57.341249	DEBUG	kucoin_adapter	[KUCOIN_ADAPTER] Added PairID 12204 for symbol ERG/USDT
2025-10-02 22:54:57.341265	DEBUG	kucoin_adapter	[KUCOIN_ADAPTER] Publishing unified message: {"exchange":"kucoin","symbol":"ERG/USDT","unified_symbol":{"base_currency":"ERG","quote_currency":"USDT","market_type":"spot","symbol":"ERG/USDT","original_symbol":"ERG-USDT"},"message_type":"best_price","timestamp":"2025-10-02T22:54:57.341241462+02:00","data":{"symbol":"ERG/USDT","unified_symbol":{"base_currency":"ERG","quote_currency":"USDT","market_type":"spot","symbol":"ERG/USDT","original_symbol":"ERG-USDT"},"timestamp":"2025-10-02T22:54:57.341241462+02:00","best_bid":0,"best_ask":0,"bid_volume":0,"ask_volume":0,"raw":{"id":"","type":"message","topic":"/spotMarket/level1:ERG-USDT","userId":"","data":{"asks":["0.7475","6481.0189"],"bids":["0.7469","107.7382"],"timestamp":1759438490542},"ts":0}},"pair_id":12204}
2025-10-02 22:54:57.341290	DEBUG	message_bus	[MESSAGE_BUS] No subscribers for exchange kucoin
2025-10-02 22:54:57.341300	DEBUG	kucoin_adapter	[KUCOIN_ADAPTER] Message published to message bus
2025-10-02 22:54:57.370090	DEBUG	kucoin_adapter	[KUCOIN_ADAPTER] RECEIVED from KuCoin: {"topic":"/spotMarket/level1:ERG-USDT","type":"message","subject":"level1","data":{"asks":["0.7484","6481.0189"],"bids":["0.7469","107.7382"],"timestamp":1759438490571}}
2025-10-02 22:54:57.370146	DEBUG	kucoin_adapter	[KUCOIN_ADAPTER] Added PairID 12204 for symbol ERG/USDT
2025-10-02 22:54:57.370168	DEBUG	kucoin_adapter	[KUCOIN_ADAPTER] Publishing unified message: {"exchange":"kucoin","symbol":"ERG/USDT","unified_symbol":{"base_currency":"ERG","quote_currency":"USDT","market_type":"spot","symbol":"ERG/USDT","original_symbol":"ERG-USDT"},"message_type":"best_price","timestamp":"2025-10-02T22:54:57.370130871+02:00","data":{"symbol":"ERG/USDT","unified_symbol":{"base_currency":"ERG","quote_currency":"USDT","market_type":"spot","symbol":"ERG/USDT","original_symbol":"ERG-USDT"},"timestamp":"2025-10-02T22:54:57.370130871+02:00","best_bid":0,"best_ask":0,"bid_volume":0,"ask_volume":0,"raw":{"id":"","type":"message","topic":"/spotMarket/level1:ERG-USDT","userId":"","data":{"asks":["0.7484","6481.0189"],"bids":["0.7469","107.7382"],"timestamp":1759438490571},"ts":0}},"pair_id":12204}
2025-10-02 22:54:57.370180	DEBUG	message_bus	[MESSAGE_BUS] No subscribers for exchange kucoin
2025-10-02 22:54:57.370189	DEBUG	kucoin_adapter	[KUCOIN_ADAPTER] Message published to message bus
2025-10-02 22:54:57.381144	DEBUG	kucoin_adapter	[KUCOIN_ADAPTER] RECEIVED from KuCoin: {"topic":"/spotMarket/level1:ERG-USDT","type":"message","subject":"level1","data":{"asks":["0.7484","6481.0189"],"bids":["0.747","25.4338"],"timestamp":1759438490583}}
2025-10-02 22:54:57.381198	DEBUG	kucoin_adapter	[KUCOIN_ADAPTER] Added PairID 12204 for symbol ERG/USDT
2025-10-02 22:54:57.381220	DEBUG	kucoin_adapter	[KUCOIN_ADAPTER] Publishing unified message: {"exchange":"kucoin","symbol":"ERG/USDT","unified_symbol":{"base_currency":"ERG","quote_currency":"USDT","market_type":"spot","symbol":"ERG/USDT","original_symbol":"ERG-USDT"},"message_type":"best_price","timestamp":"2025-10-02T22:54:57.381185399+02:00","data":{"symbol":"ERG/USDT","unified_symbol":{"base_currency":"ERG","quote_currency":"USDT","market_type":"spot","symbol":"ERG/USDT","original_symbol":"ERG-USDT"},"timestamp":"2025-10-02T22:54:57.381185399+02:00","best_bid":0,"best_ask":0,"bid_volume":0,"ask_volume":0,"raw":{"id":"","type":"message","topic":"/spotMarket/level1:ERG-USDT","userId":"","data":{"asks":["0.7484","6481.0189"],"bids":["0.747","25.4338"],"timestamp":1759438490583},"ts":0}},"pair_id":12204}
2025-10-02 22:54:57.381230	DEBUG	message_bus	[MESSAGE_BUS] No subscribers for exchange kucoin
2025-10-02 22:54:57.381238	DEBUG	kucoin_adapter	[KUCOIN_ADAPTER] Message published to message bus
2025-10-02 22:54:57.392090	DEBUG	kucoin_adapter	[KUCOIN_ADAPTER] RECEIVED from KuCoin: {"topic":"/spotMarket/level1:ERG-USDT","type":"message","subject":"level1","data":{"asks":["0.7486","13.9193"],"bids":["0.747","25.4338"],"timestamp":1759438490594}}
2025-10-02 22:54:57.392143	DEBUG	kucoin_adapter	[KUCOIN_ADAPTER] Added PairID 12204 for symbol ERG/USDT
2025-10-02 22:54:57.392168	DEBUG	kucoin_adapter	[KUCOIN_ADAPTER] Publishing unified message: {"exchange":"kucoin","symbol":"ERG/USDT","unified_symbol":{"base_currency":"ERG","quote_currency":"USDT","market_type":"spot","symbol":"ERG/USDT","original_symbol":"ERG-USDT"},"message_type":"best_price","timestamp":"2025-10-02T22:54:57.392130531+02:00","data":{"symbol":"ERG/USDT","unified_symbol":{"base_currency":"ERG","quote_currency":"USDT","market_type":"spot","symbol":"ERG/USDT","original_symbol":"ERG-USDT"},"timestamp":"2025-10-02T22:54:57.392130531+02:00","best_bid":0,"best_ask":0,"bid_volume":0,"ask_volume":0,"raw":{"id":"","type":"message","topic":"/spotMarket/level1:ERG-USDT","userId":"","data":{"asks":["0.7486","13.9193"],"bids":["0.747","25.4338"],"timestamp":1759438490594},"ts":0}},"pair_id":12204}
2025-10-02 22:54:57.392188	DEBUG	message_bus	[MESSAGE_BUS] No subscribers for exchange kucoin
2025-10-02 22:54:57.392197	DEBUG	kucoin_adapter	[KUCOIN_ADAPTER] Message published to message bus
2025-10-02 22:54:57.411821	DEBUG	kucoin_adapter	[KUCOIN_ADAPTER] RECEIVED from KuCoin: {"topic":"/spotMarket/level1:ERG-USDT","type":"message","subject":"level1","data":{"asks":["0.748","6481.0189"],"bids":["0.7469","107.7382"],"timestamp":1759438490613}}
2025-10-02 22:54:57.411874	DEBUG	kucoin_adapter	[KUCOIN_ADAPTER] Added PairID 12204 for symbol ERG/USDT
2025-10-02 22:54:57.411900	DEBUG	kucoin_adapter	[KUCOIN_ADAPTER] Publishing unified message: {"exchange":"kucoin","symbol":"ERG/USDT","unified_symbol":{"base_currency":"ERG","quote_currency":"USDT","market_type":"spot","symbol":"ERG/USDT","original_symbol":"ERG-USDT"},"message_type":"best_price","timestamp":"2025-10-02T22:54:57.411861428+02:00","data":{"symbol":"ERG/USDT","unified_symbol":{"base_currency":"ERG","quote_currency":"USDT","market_type":"spot","symbol":"ERG/USDT","original_symbol":"ERG-USDT"},"timestamp":"2025-10-02T22:54:57.411861428+02:00","best_bid":0,"best_ask":0,"bid_volume":0,"ask_volume":0,"raw":{"id":"","type":"message","topic":"/spotMarket/level1:ERG-USDT","userId":"","data":{"asks":["0.748","6481.0189"],"bids":["0.7469","107.7382"],"timestamp":1759438490613},"ts":0}},"pair_id":12204}
2025-10-02 22:54:57.411910	DEBUG	message_bus	[MESSAGE_BUS] No subscribers for exchange kucoin
2025-10-02 22:54:57.411919	DEBUG	kucoin_adapter	[KUCOIN_ADAPTER] Message published to message bus
2025-10-02 22:54:57.440399	DEBUG	kucoin_adapter	[KUCOIN_ADAPTER] RECEIVED from KuCoin: {"topic":"/spotMarket/level1:ERG-USDT","type":"message","subject":"level1","data":{"asks":["0.7481","6481.0189"],"bids":["0.747","25.4338"],"timestamp":1759438490642}}
2025-10-02 22:54:57.440452	DEBUG	kucoin_adapter	[KUCOIN_ADAPTER] Added PairID 12204 for symbol ERG/USDT
2025-10-02 22:54:57.440475	DEBUG	kucoin_adapter	[KUCOIN_ADAPTER] Publishing unified message: {"exchange":"kucoin","symbol":"ERG/USDT","unified_symbol":{"base_currency":"ERG","quote_currency":"USDT","market_type":"spot","symbol":"ERG/USDT","original_symbol":"ERG-USDT"},"message_type":"best_price","timestamp":"2025-10-02T22:54:57.440438881+02:00","data":{"symbol":"ERG/USDT","unified_symbol":{"base_currency":"ERG","quote_currency":"USDT","market_type":"spot","symbol":"ERG/USDT","original_symbol":"ERG-USDT"},"timestamp":"2025-10-02T22:54:57.440438881+02:00","best_bid":0,"best_ask":0,"bid_volume":0,"ask_volume":0,"raw":{"id":"","type":"message","topic":"/spotMarket/level1:ERG-USDT","userId":"","data":{"asks":["0.7481","6481.0189"],"bids":["0.747","25.4338"],"timestamp":1759438490642},"ts":0}},"pair_id":12204}
2025-10-02 22:54:57.440484	DEBUG	message_bus	[MESSAGE_BUS] No subscribers for exchange kucoin
2025-10-02 22:54:57.440495	DEBUG	kucoin_adapter	[KUCOIN_ADAPTER] Message published to message bus
2025-10-02 22:54:57.445209	DEBUG	kucoin_adapter	[KUCOIN_ADAPTER] RECEIVED from KuCoin: {"topic":"/spotMarket/level2Depth5:ERG-USDT","type":"message","subject":"level2","data":{"asks":[["0.748","107.38"],["0.7486","13.9193"],["0.7497","33.5533"],["0.7511","10.602"],["0.7519","82.2133"]],"bids":[["0.747","25.4338"],["0.7469","107.7382"],["0.7462","13.9193"],["0.7456","261.904"],["0.744","16.4313"]],"timestamp":1759438490643}}
2025-10-02 22:54:57.445281	DEBUG	kucoin_adapter	[KUCOIN_ADAPTER] Added PairID 12204 for symbol ERG/USDT
2025-10-02 22:54:57.445314	DEBUG	kucoin_adapter	[KUCOIN_ADAPTER] Publishing unified message: {"exchange":"kucoin","symbol":"ERG/USDT","unified_symbol":{"base_currency":"ERG","quote_currency":"USDT","market_type":"spot","symbol":"ERG/USDT","original_symbol":"ERG-USDT"},"message_type":"orderbook","timestamp":"2025-10-02T22:54:57.445255362+02:00","data":{"symbol":"ERG/USDT","unified_symbol":{"base_currency":"ERG","quote_currency":"USDT","market_type":"spot","symbol":"ERG/USDT","original_symbol":"ERG-USDT"},"timestamp":"2025-10-02T22:54:57.445255362+02:00","bids":[{"price":0.747,"volume":25.4338},{"price":0.7469,"volume":107.7382},{"price":0.7462,"volume":13.9193},{"price":0.7456,"volume":261.904},{"price":0.744,"volume":16.4313}],"asks":[{"price":0.748,"volume":107.38},{"price":0.7486,"volume":13.9193},{"price":0.7497,"volume":33.5533},{"price":0.7511,"volume":10.602},{"price":0.7519,"volume":82.2133}],"depth":10,"update_type":"snapshot","raw":{"id":"","type":"message","topic":"/spotMarket/level2Depth5:ERG-USDT","userId":"","data":{"asks":[["0.748","107.38"],["0.7486","13.9193"],["0.7497","33.5533"],["0.7511","10.602"],["0.7519","82.2133"]],"bids":[["0.747","25.4338"],["0.7469","107.7382"],["0.7462","13.9193"],["0.7456","261.904"],["0.744","16.4313"]],"timestamp":1759438490643},"ts":0}},"pair_id":12204}
2025-10-02 22:54:57.445346	DEBUG	message_bus	[MESSAGE_BUS] No subscribers for exchange kucoin
2025-10-02 22:54:57.445354	DEBUG	kucoin_adapter	[KUCOIN_ADAPTER] Message published to message bus
2025-10-02 22:54:57.451017	DEBUG	kucoin_adapter	[KUCOIN_ADAPTER] RECEIVED from KuCoin: {"topic":"/spotMarket/level1:ERG-USDT","type":"message","subject":"level1","data":{"asks":["0.748","107.38"],"bids":["0.747","25.4338"],"timestamp":1759438490653}}
2025-10-02 22:54:57.451070	DEBUG	kucoin_adapter	[KUCOIN_ADAPTER] Added PairID 12204 for symbol ERG/USDT
2025-10-02 22:54:57.451095	DEBUG	kucoin_adapter	[KUCOIN_ADAPTER] Publishing unified message: {"exchange":"kucoin","symbol":"ERG/USDT","unified_symbol":{"base_currency":"ERG","quote_currency":"USDT","market_type":"spot","symbol":"ERG/USDT","original_symbol":"ERG-USDT"},"message_type":"best_price","timestamp":"2025-10-02T22:54:57.451057752+02:00","data":{"symbol":"ERG/USDT","unified_symbol":{"base_currency":"ERG","quote_currency":"USDT","market_type":"spot","symbol":"ERG/USDT","original_symbol":"ERG-USDT"},"timestamp":"2025-10-02T22:54:57.451057752+02:00","best_bid":0,"best_ask":0,"bid_volume":0,"ask_volume":0,"raw":{"id":"","type":"message","topic":"/spotMarket/level1:ERG-USDT","userId":"","data":{"asks":["0.748","107.38"],"bids":["0.747","25.4338"],"timestamp":1759438490653},"ts":0}},"pair_id":12204}
2025-10-02 22:54:57.451105	DEBUG	message_bus	[MESSAGE_BUS] No subscribers for exchange kucoin
2025-10-02 22:54:57.451114	DEBUG	kucoin_adapter	[KUCOIN_ADAPTER] Message published to message bus
2025-10-02 22:54:57.609931	DEBUG	kucoin_adapter	[KUCOIN_ADAPTER] RECEIVED from KuCoin: {"topic":"/spotMarket/level2Depth5:ERG-USDT","type":"message","subject":"level2","data":{"asks":[["0.7478","6481.0189"],["0.748","107.38"],["0.7486","13.9193"],["0.7497","33.5533"],["0.7511","10.602"]],"bids":[["0.7469","107.7382"],["0.7462","13.9193"],["0.7456","261.904"],["0.744","16.4313"],["0.7439","415.629"]],"timestamp":1759438490658}}
2025-10-02 22:54:57.610004	DEBUG	kucoin_adapter	[KUCOIN_ADAPTER] Added PairID 12204 for symbol ERG/USDT
2025-10-02 22:54:57.610039	DEBUG	kucoin_adapter	[KUCOIN_ADAPTER] Publishing unified message: {"exchange":"kucoin","symbol":"ERG/USDT","unified_symbol":{"base_currency":"ERG","quote_currency":"USDT","market_type":"spot","symbol":"ERG/USDT","original_symbol":"ERG-USDT"},"message_type":"orderbook","timestamp":"2025-10-02T22:54:57.609978414+02:00","data":{"symbol":"ERG/USDT","unified_symbol":{"base_currency":"ERG","quote_currency":"USDT","market_type":"spot","symbol":"ERG/USDT","original_symbol":"ERG-USDT"},"timestamp":"2025-10-02T22:54:57.609978414+02:00","bids":[{"price":0.7469,"volume":107.7382},{"price":0.7462,"volume":13.9193},{"price":0.7456,"volume":261.904},{"price":0.744,"volume":16.4313},{"price":0.7439,"volume":415.629}],"asks":[{"price":0.7478,"volume":6481.0189},{"price":0.748,"volume":107.38},{"price":0.7486,"volume":13.9193},{"price":0.7497,"volume":33.5533},{"price":0.7511,"volume":10.602}],"depth":10,"update_type":"snapshot","raw":{"id":"","type":"message","topic":"/spotMarket/level2Depth5:ERG-USDT","userId":"","data":{"asks":[["0.7478","6481.0189"],["0.748","107.38"],["0.7486","13.9193"],["0.7497","33.5533"],["0.7511","10.602"]],"bids":[["0.7469","107.7382"],["0.7462","13.9193"],["0.7456","261.904"],["0.744","16.4313"],["0.7439","415.629"]],"timestamp":1759438490658},"ts":0}},"pair_id":12204}
2025-10-02 22:54:57.610058	DEBUG	message_bus	[MESSAGE_BUS] No subscribers for exchange kucoin
2025-10-02 22:54:57.610067	DEBUG	kucoin_adapter	[KUCOIN_ADAPTER] Message published to message bus
2025-10-02 22:54:57.610088	DEBUG	kucoin_adapter	[KUCOIN_ADAPTER] RECEIVED from KuCoin: {"topic":"/spotMarket/level1:ERG-USDT","type":"message","subject":"level1","data":{"asks":["0.7478","6481.0189"],"bids":["0.7469","107.7382"],"timestamp":1759438490812}}
2025-10-02 22:54:57.610116	DEBUG	kucoin_adapter	[KUCOIN_ADAPTER] Added PairID 12204 for symbol ERG/USDT
2025-10-02 22:54:57.610133	DEBUG	kucoin_adapter	[KUCOIN_ADAPTER] Publishing unified message: {"exchange":"kucoin","symbol":"ERG/USDT","unified_symbol":{"base_currency":"ERG","quote_currency":"USDT","market_type":"spot","symbol":"ERG/USDT","original_symbol":"ERG-USDT"},"message_type":"best_price","timestamp":"2025-10-02T22:54:57.610107937+02:00","data":{"symbol":"ERG/USDT","unified_symbol":{"base_currency":"ERG","quote_currency":"USDT","market_type":"spot","symbol":"ERG/USDT","original_symbol":"ERG-USDT"},"timestamp":"2025-10-02T22:54:57.610107937+02:00","best_bid":0,"best_ask":0,"bid_volume":0,"ask_volume":0,"raw":{"id":"","type":"message","topic":"/spotMarket/level1:ERG-USDT","userId":"","data":{"asks":["0.7478","6481.0189"],"bids":["0.7469","107.7382"],"timestamp":1759438490812},"ts":0}},"pair_id":12204}
2025-10-02 22:54:57.610142	DEBUG	message_bus	[MESSAGE_BUS] No subscribers for exchange kucoin
2025-10-02 22:54:57.610150	DEBUG	kucoin_adapter	[KUCOIN_ADAPTER] Message published to message bus
2025-10-02 22:54:58.430302	DEBUG	kucoin_adapter	[KUCOIN_ADAPTER] RECEIVED from KuCoin: {"topic":"/spotMarket/level1:ERG-USDT","type":"message","subject":"level1","data":{"asks":["0.7486","13.9193"],"bids":["0.7469","107.7382"],"timestamp":1759438491631}}
2025-10-02 22:54:58.430372	DEBUG	kucoin_adapter	[KUCOIN_ADAPTER] Added PairID 12204 for symbol ERG/USDT
2025-10-02 22:54:58.430408	DEBUG	kucoin_adapter	[KUCOIN_ADAPTER] Publishing unified message: {"exchange":"kucoin","symbol":"ERG/USDT","unified_symbol":{"base_currency":"ERG","quote_currency":"USDT","market_type":"spot","symbol":"ERG/USDT","original_symbol":"ERG-USDT"},"message_type":"best_price","timestamp":"2025-10-02T22:54:58.430356394+02:00","data":{"symbol":"ERG/USDT","unified_symbol":{"base_currency":"ERG","quote_currency":"USDT","market_type":"spot","symbol":"ERG/USDT","original_symbol":"ERG-USDT"},"timestamp":"2025-10-02T22:54:58.430356394+02:00","best_bid":0,"best_ask":0,"bid_volume":0,"ask_volume":0,"raw":{"id":"","type":"message","topic":"/spotMarket/level1:ERG-USDT","userId":"","data":{"asks":["0.7486","13.9193"],"bids":["0.7469","107.7382"],"timestamp":1759438491631},"ts":0}},"pair_id":12204}
2025-10-02 22:54:58.430421	DEBUG	message_bus	[MESSAGE_BUS] No subscribers for exchange kucoin
2025-10-02 22:54:58.430430	DEBUG	kucoin_adapter	[KUCOIN_ADAPTER] Message published to message bus
2025-10-02 22:54:58.445599	DEBUG	kucoin_adapter	[KUCOIN_ADAPTER] RECEIVED from KuCoin: {"topic":"/spotMarket/level1:ERG-USDT","type":"message","subject":"level1","data":{"asks":["0.7477","28.6852"],"bids":["0.7469","107.7382"],"timestamp":1759438491647}}
2025-10-02 22:54:58.445679	DEBUG	kucoin_adapter	[KUCOIN_ADAPTER] Added PairID 12204 for symbol ERG/USDT
2025-10-02 22:54:58.445713	DEBUG	kucoin_adapter	[KUCOIN_ADAPTER] Publishing unified message: {"exchange":"kucoin","symbol":"ERG/USDT","unified_symbol":{"base_currency":"ERG","quote_currency":"USDT","market_type":"spot","symbol":"ERG/USDT","original_symbol":"ERG-USDT"},"message_type":"best_price","timestamp":"2025-10-02T22:54:58.445664016+02:00","data":{"symbol":"ERG/USDT","unified_symbol":{"base_currency":"ERG","quote_currency":"USDT","market_type":"spot","symbol":"ERG/USDT","original_symbol":"ERG-USDT"},"timestamp":"2025-10-02T22:54:58.445664016+02:00","best_bid":0,"best_ask":0,"bid_volume":0,"ask_volume":0,"raw":{"id":"","type":"message","topic":"/spotMarket/level1:ERG-USDT","userId":"","data":{"asks":["0.7477","28.6852"],"bids":["0.7469","107.7382"],"timestamp":1759438491647},"ts":0}},"pair_id":12204}
2025-10-02 22:54:58.445752	DEBUG	message_bus	[MESSAGE_BUS] No subscribers for exchange kucoin
2025-10-02 22:54:58.445766	DEBUG	kucoin_adapter	[KUCOIN_ADAPTER] Message published to message bus
2025-10-02 22:54:58.450081	ERROR	daemon	[DATA_MONITOR] SQL error: dial tcp 127.0.0.1:3306: connect: connection refused
2025-10-02 22:54:58.464357	DEBUG	kucoin_adapter	[KUCOIN_ADAPTER] RECEIVED from KuCoin: {"topic":"/spotMarket/level1:ERG-USDT","type":"message","subject":"level1","data":{"asks":["0.7475","6481.0189"],"bids":["0.7469","107.7382"],"timestamp":1759438491666}}
2025-10-02 22:54:58.464418	DEBUG	kucoin_adapter	[KUCOIN_ADAPTER] Added PairID 12204 for symbol ERG/USDT
2025-10-02 22:54:58.464442	DEBUG	kucoin_adapter	[KUCOIN_ADAPTER] Publishing unified message: {"exchange":"kucoin","symbol":"ERG/USDT","unified_symbol":{"base_currency":"ERG","quote_currency":"USDT","market_type":"spot","symbol":"ERG/USDT","original_symbol":"ERG-USDT"},"message_type":"best_price","timestamp":"2025-10-02T22:54:58.464405236+02:00","data":{"symbol":"ERG/USDT","unified_symbol":{"base_currency":"ERG","quote_currency":"USDT","market_type":"spot","symbol":"ERG/USDT","original_symbol":"ERG-USDT"},"timestamp":"2025-10-02T22:54:58.464405236+02:00","best_bid":0,"best_ask":0,"bid_volume":0,"ask_volume":0,"raw":{"id":"","type":"message","topic":"/spotMarket/level1:ERG-USDT","userId":"","data":{"asks":["0.7475","6481.0189"],"bids":["0.7469","107.7382"],"timestamp":1759438491666},"ts":0}},"pair_id":12204}
2025-10-02 22:54:58.464459	DEBUG	message_bus	[MESSAGE_BUS] No subscribers for exchange kucoin
2025-10-02 22:54:58.464467	DEBUG	kucoin_adapter	[KUCOIN_ADAPTER] Message published to message bus
2025-10-02 22:54:58.475862	DEBUG	kucoin_adapter	[KUCOIN_ADAPTER] RECEIVED from KuCoin: {"topic":"/spotMarket/level1:ERG-USDT","type":"message","subject":"level1","data":{"asks":["0.7474","107.38"],"bids":["0.7469","107.7382"],"timestamp":1759438491678}}
2025-10-02 22:54:58.475920	DEBUG	kucoin_adapter	[KUCOIN_ADAPTER] Added PairID 12204 for symbol ERG/USDT
2025-10-02 22:54:58.475943	DEBUG	kucoin_adapter	[KUCOIN_ADAPTER] Publishing unified message: {"exchange":"kucoin","symbol":"ERG/USDT","unified_symbol":{"base_currency":"ERG","quote_currency":"USDT","market_type":"spot","symbol":"ERG/USDT","original_symbol":"ERG-USDT"},"message_type":"best_price","timestamp":"2025-10-02T22:54:58.47590558+02:00","data":{"symbol":"ERG/USDT","unified_symbol":{"base_currency":"ERG","quote_currency":"USDT","market_type":"spot","symbol":"ERG/USDT","original_symbol":"ERG-USDT"},"timestamp":"2025-10-02T22:54:58.47590558+02:00","best_bid":0,"best_ask":0,"bid_volume":0,"ask_volume":0,"raw":{"id":"","type":"message","topic":"/spotMarket/level1:ERG-USDT","userId":"","data":{"asks":["0.7474","107.38"],"bids":["0.7469","107.7382"],"timestamp":1759438491678},"ts":0}},"pair_id":12204}
2025-10-02 22:54:58.475953	DEBUG	message_bus	[MESSAGE_BUS] No subscribers for exchange kucoin
2025-10-02 22:54:58.475963	DEBUG	kucoin_adapter	[KUCOIN_ADAPTER] Message published to message bus
2025-10-02 22:54:58.502438	DEBUG	kucoin_adapter	[KUCOIN_ADAPTER] RECEIVED from KuCoin: {"topic":"/spotMarket/level2Depth5:ERG-USDT","type":"message","subject":"level2","data":{"asks":[["0.7474","107.38"],["0.7483","35.8685"],["0.7486","13.9193"],["0.7497","33.5533"],["0.7511","10.602"]],"bids":[["0.7469","107.7382"],["0.7462","13.9193"],["0.7456","261.904"],["0.744","16.4313"],["0.7439","415.629"]],"timestamp":1759438491696}}
2025-10-02 22:54:58.502523	DEBUG	kucoin_adapter	[KUCOIN_ADAPTER] Added PairID 12204 for symbol ERG/USDT
2025-10-02 22:54:58.502557	DEBUG	kucoin_adapter	[KUCOIN_ADAPTER] Publishing unified message: {"exchange":"kucoin","symbol":"ERG/USDT","unified_symbol":{"base_currency":"ERG","quote_currency":"USDT","market_type":"spot","symbol":"ERG/USDT","original_symbol":"ERG-USDT"},"message_type":"orderbook","timestamp":"2025-10-02T22:54:58.502489897+02:00","data":{"symbol":"ERG/USDT","unified_symbol":{"base_currency":"ERG","quote_currency":"USDT","market_type":"spot","symbol":"ERG/USDT","original_symbol":"ERG-USDT"},"timestamp":"2025-10-02T22:54:58.502489897+02:00","bids":[{"price":0.7469,"volume":107.7382},{"price":0.7462,"volume":13.9193},{"price":0.7456,"volume":261.904},{"price":0.744,"volume":16.4313},{"price":0.7439,"volume":415.629}],"asks":[{"price":0.7474,"volume":107.38},{"price":0.7483,"volume":35.8685},{"price":0.7486,"volume":13.9193},{"price":0.7497,"volume":33.5533},{"price":0.7511,"volume":10.602}],"depth":10,"update_type":"snapshot","raw":{"id":"","type":"message","topic":"/spotMarket/level2Depth5:ERG-USDT","userId":"","data":{"asks":[["0.7474","107.38"],["0.7483","35.8685"],["0.7486","13.9193"],["0.7497","33.5533"],["0.7511","10.602"]],"bids":[["0.7469","107.7382"],["0.7462","13.9193"],["0.7456","261.904"],["0.744","16.4313"],["0.7439","415.629"]],"timestamp":1759438491696},"ts":0}},"pair_id":12204}
2025-10-02 22:54:58.502583	DEBUG	message_bus	[MESSAGE_BUS] No subscribers for exchange kucoin
2025-10-02 22:54:58.502591	DEBUG	kucoin_adapter	[KUCOIN_ADAPTER] Message published to message bus
2025-10-02 22:54:58.512836	DEBUG	kucoin_adapter	[KUCOIN_ADAPTER] RECEIVED from KuCoin: {"topic":"/spotMarket/level1:ERG-USDT","type":"message","subject":"level1","data":{"asks":["0.7472","6481.0189"],"bids":["0.747","25.4338"],"timestamp":1759438491714}}
2025-10-02 22:54:58.512889	DEBUG	kucoin_adapter	[KUCOIN_ADAPTER] Added PairID 12204 for symbol ERG/USDT
2025-10-02 22:54:58.512923	DEBUG	kucoin_adapter	[KUCOIN_ADAPTER] Publishing unified message: {"exchange":"kucoin","symbol":"ERG/USDT","unified_symbol":{"base_currency":"ERG","quote_currency":"USDT","market_type":"spot","symbol":"ERG/USDT","original_symbol":"ERG-USDT"},"message_type":"best_price","timestamp":"2025-10-02T22:54:58.512876462+02:00","data":{"symbol":"ERG/USDT","unified_symbol":{"base_currency":"ERG","quote_currency":"USDT","market_type":"spot","symbol":"ERG/USDT","original_symbol":"ERG-USDT"},"timestamp":"2025-10-02T22:54:58.512876462+02:00","best_bid":0,"best_ask":0,"bid_volume":0,"ask_volume":0,"raw":{"id":"","type":"message","topic":"/spotMarket/level1:ERG-USDT","userId":"","data":{"asks":["0.7472","6481.0189"],"bids":["0.747","25.4338"],"timestamp":1759438491714},"ts":0}},"pair_id":12204}
2025-10-02 22:54:58.512935	DEBUG	message_bus	[MESSAGE_BUS] No subscribers for exchange kucoin
2025-10-02 22:54:58.512946	DEBUG	kucoin_adapter	[KUCOIN_ADAPTER] Message published to message bus
2025-10-02 22:54:58.518841	DEBUG	kucoin_adapter	[KUCOIN_ADAPTER] RECEIVED from KuCoin: {"topic":"/spotMarket/level1:ERG-USDT","type":"message","subject":"level1","data":{"asks":["0.7474","107.38"],"bids":["0.747","25.4338"],"timestamp":1759438491720}}
2025-10-02 22:54:58.518899	DEBUG	kucoin_adapter	[KUCOIN_ADAPTER] Added PairID 12204 for symbol ERG/USDT
2025-10-02 22:54:58.518921	DEBUG	kucoin_adapter	[KUCOIN_ADAPTER] Publishing unified message: {"exchange":"kucoin","symbol":"ERG/USDT","unified_symbol":{"base_currency":"ERG","quote_currency":"USDT","market_type":"spot","symbol":"ERG/USDT","original_symbol":"ERG-USDT"},"message_type":"best_price","timestamp":"2025-10-02T22:54:58.51888612+02:00","data":{"symbol":"ERG/USDT","unified_symbol":{"base_currency":"ERG","quote_currency":"USDT","market_type":"spot","symbol":"ERG/USDT","original_symbol":"ERG-USDT"},"timestamp":"2025-10-02T22:54:58.51888612+02:00","best_bid":0,"best_ask":0,"bid_volume":0,"ask_volume":0,"raw":{"id":"","type":"message","topic":"/spotMarket/level1:ERG-USDT","userId":"","data":{"asks":["0.7474","107.38"],"bids":["0.747","25.4338"],"timestamp":1759438491720},"ts":0}},"pair_id":12204}
2025-10-02 22:54:58.518934	DEBUG	message_bus	[MESSAGE_BUS] No subscribers for exchange kucoin
2025-10-02 22:54:58.518942	DEBUG	kucoin_adapter	[KUCOIN_ADAPTER] Message published to message bus
2025-10-02 22:54:58.535859	DEBUG	kucoin_adapter	[KUCOIN_ADAPTER] RECEIVED from KuCoin: {"topic":"/spotMarket/level1:ERG-USDT","type":"message","subject":"level1","data":{"asks":["0.7474","107.38"],"bids":["0.7469","107.7382"],"timestamp":1759438491737}}
2025-10-02 22:54:58.535929	DEBUG	kucoin_adapter	[KUCOIN_ADAPTER] Added PairID 12204 for symbol ERG/USDT
2025-10-02 22:54:58.535953	DEBUG	kucoin_adapter	[KUCOIN_ADAPTER] Publishing unified message: {"exchange":"kucoin","symbol":"ERG/USDT","unified_symbol":{"base_currency":"ERG","quote_currency":"USDT","market_type":"spot","symbol":"ERG/USDT","original_symbol":"ERG-USDT"},"message_type":"best_price","timestamp":"2025-10-02T22:54:58.535914299+02:00","data":{"symbol":"ERG/USDT","unified_symbol":{"base_currency":"ERG","quote_currency":"USDT","market_type":"spot","symbol":"ERG/USDT","original_symbol":"ERG-USDT"},"timestamp":"2025-10-02T22:54:58.535914299+02:00","best_bid":0,"best_ask":0,"bid_volume":0,"ask_volume":0,"raw":{"id":"","type":"message","topic":"/spotMarket/level1:ERG-USDT","userId":"","data":{"asks":["0.7474","107.38"],"bids":["0.7469","107.7382"],"timestamp":1759438491737},"ts":0}},"pair_id":12204}
2025-10-02 22:54:58.535966	DEBUG	message_bus	[MESSAGE_BUS] No subscribers for exchange kucoin
2025-10-02 22:54:58.535974	DEBUG	kucoin_adapter	[KUCOIN_ADAPTER] Message published to message bus
2025-10-02 22:54:58.598603	DEBUG	kucoin_adapter	[KUCOIN_ADAPTER] RECEIVED from KuCoin: {"topic":"/spotMarket/level1:ERG-USDT","type":"message","subject":"level1","data":{"asks":["0.7472","6481.0189"],"bids":["0.7469","107.7382"],"timestamp":1759438491799}}
2025-10-02 22:54:58.598671	DEBUG	kucoin_adapter	[KUCOIN_ADAPTER] Added PairID 12204 for symbol ERG/USDT
2025-10-02 22:54:58.598701	DEBUG	kucoin_adapter	[KUCOIN_ADAPTER] Publishing unified message: {"exchange":"kucoin","symbol":"ERG/USDT","unified_symbol":{"base_currency":"ERG","quote_currency":"USDT","market_type":"spot","symbol":"ERG/USDT","original_symbol":"ERG-USDT"},"message_type":"best_price","timestamp":"2025-10-02T22:54:58.598657124+02:00","data":{"symbol":"ERG/USDT","unified_symbol":{"base_currency":"ERG","quote_currency":"USDT","market_type":"spot","symbol":"ERG/USDT","original_symbol":"ERG-USDT"},"timestamp":"2025-10-02T22:54:58.598657124+02:00","best_bid":0,"best_ask":0,"bid_volume":0,"ask_volume":0,"raw":{"id":"","type":"message","topic":"/spotMarket/level1:ERG-USDT","userId":"","data":{"asks":["0.7472","6481.0189"],"bids":["0.7469","107.7382"],"timestamp":1759438491799},"ts":0}},"pair_id":12204}
2025-10-02 22:54:58.598722	DEBUG	message_bus	[MESSAGE_BUS] No subscribers for exchange kucoin
2025-10-02 22:54:58.598731	DEBUG	kucoin_adapter	[KUCOIN_ADAPTER] Message published to message bus
2025-10-02 22:54:58.611440	DEBUG	kucoin_adapter	[KUCOIN_ADAPTER] RECEIVED from KuCoin: {"topic":"/spotMarket/level2Depth5:ERG-USDT","type":"message","subject":"level2","data":{"asks":[["0.7472","6481.0189"],["0.7474","107.38"],["0.7486","13.9193"],["0.7497","33.5533"],["0.7511","10.602"]],"bids":[["0.7469","107.7382"],["0.7462","13.9193"],["0.7456","261.904"],["0.744","16.4313"],["0.7439","415.629"]],"timestamp":1759438491800}}
2025-10-02 22:54:58.611524	DEBUG	kucoin_adapter	[KUCOIN_ADAPTER] Added PairID 12204 for symbol ERG/USDT
2025-10-02 22:54:58.611559	DEBUG	kucoin_adapter	[KUCOIN_ADAPTER] Publishing unified message: {"exchange":"kucoin","symbol":"ERG/USDT","unified_symbol":{"base_currency":"ERG","quote_currency":"USDT","market_type":"spot","symbol":"ERG/USDT","original_symbol":"ERG-USDT"},"message_type":"orderbook","timestamp":"2025-10-02T22:54:58.611490016+02:00","data":{"symbol":"ERG/USDT","unified_symbol":{"base_currency":"ERG","quote_currency":"USDT","market_type":"spot","symbol":"ERG/USDT","original_symbol":"ERG-USDT"},"timestamp":"2025-10-02T22:54:58.611490016+02:00","bids":[{"price":0.7469,"volume":107.7382},{"price":0.7462,"volume":13.9193},{"price":0.7456,"volume":261.904},{"price":0.744,"volume":16.4313},{"price":0.7439,"volume":415.629}],"asks":[{"price":0.7472,"volume":6481.0189},{"price":0.7474,"volume":107.38},{"price":0.7486,"volume":13.9193},{"price":0.7497,"volume":33.5533},{"price":0.7511,"volume":10.602}],"depth":10,"update_type":"snapshot","raw":{"id":"","type":"message","topic":"/spotMarket/level2Depth5:ERG-USDT","userId":"","data":{"asks":[["0.7472","6481.0189"],["0.7474","107.38"],["0.7486","13.9193"],["0.7497","33.5533"],["0.7511","10.602"]],"bids":[["0.7469","107.7382"],["0.7462","13.9193"],["0.7456","261.904"],["0.744","16.4313"],["0.7439","415.629"]],"timestamp":1759438491800},"ts":0}},"pair_id":12204}
2025-10-02 22:54:58.611582	DEBUG	message_bus	[MESSAGE_BUS] No subscribers for exchange kucoin
2025-10-02 22:54:58.611590	DEBUG	kucoin_adapter	[KUCOIN_ADAPTER] Message published to message bus
2025-10-02 22:54:58.633248	DEBUG	kucoin_adapter	[KUCOIN_ADAPTER] RECEIVED from KuCoin: {"topic":"/spotMarket/level1:ERG-USDT","type":"message","subject":"level1","data":{"asks":["0.7474","107.38"],"bids":["0.7469","107.7382"],"timestamp":1759438491835}}
2025-10-02 22:54:58.633309	DEBUG	kucoin_adapter	[KUCOIN_ADAPTER] Added PairID 12204 for symbol ERG/USDT
2025-10-02 22:54:58.633347	DEBUG	kucoin_adapter	[KUCOIN_ADAPTER] Publishing unified message: {"exchange":"kucoin","symbol":"ERG/USDT","unified_symbol":{"base_currency":"ERG","quote_currency":"USDT","market_type":"spot","symbol":"ERG/USDT","original_symbol":"ERG-USDT"},"message_type":"best_price","timestamp":"2025-10-02T22:54:58.633296494+02:00","data":{"symbol":"ERG/USDT","unified_symbol":{"base_currency":"ERG","quote_currency":"USDT","market_type":"spot","symbol":"ERG/USDT","original_symbol":"ERG-USDT"},"timestamp":"2025-10-02T22:54:58.633296494+02:00","best_bid":0,"best_ask":0,"bid_volume":0,"ask_volume":0,"raw":{"id":"","type":"message","topic":"/spotMarket/level1:ERG-USDT","userId":"","data":{"asks":["0.7474","107.38"],"bids":["0.7469","107.7382"],"timestamp":1759438491835},"ts":0}},"pair_id":12204}
2025-10-02 22:54:58.633366	DEBUG	message_bus	[MESSAGE_BUS] No subscribers for exchange kucoin
2025-10-02 22:54:58.633379	DEBUG	kucoin_adapter	[KUCOIN_ADAPTER] Message published to message bus
2025-10-02 22:54:58.643741	DEBUG	kucoin_adapter	[KUCOIN_ADAPTER] RECEIVED from KuCoin: {"topic":"/spotMarket/level1:ERG-USDT","type":"message","subject":"level1","data":{"asks":["0.7472","6481.0189"],"bids":["0.747","25.4338"],"timestamp":1759438491846}}
2025-10-02 22:54:58.643798	DEBUG	kucoin_adapter	[KUCOIN_ADAPTER] Added PairID 12204 for symbol ERG/USDT
2025-10-02 22:54:58.643843	DEBUG	kucoin_adapter	[KUCOIN_ADAPTER] Publishing unified message: {"exchange":"kucoin","symbol":"ERG/USDT","unified_symbol":{"base_currency":"ERG","quote_currency":"USDT","market_type":"spot","symbol":"ERG/USDT","original_symbol":"ERG-USDT"},"message_type":"best_price","timestamp":"2025-10-02T22:54:58.643784489+02:00","data":{"symbol":"ERG/USDT","unified_symbol":{"base_currency":"ERG","quote_currency":"USDT","market_type":"spot","symbol":"ERG/USDT","original_symbol":"ERG-USDT"},"timestamp":"2025-10-02T22:54:58.643784489+02:00","best_bid":0,"best_ask":0,"bid_volume":0,"ask_volume":0,"raw":{"id":"","type":"message","topic":"/spotMarket/level1:ERG-USDT","userId":"","data":{"asks":["0.7472","6481.0189"],"bids":["0.747","25.4338"],"timestamp":1759438491846},"ts":0}},"pair_id":12204}
2025-10-02 22:54:58.643861	DEBUG	message_bus	[MESSAGE_BUS] No subscribers for exchange kucoin
2025-10-02 22:54:58.643870	DEBUG	kucoin_adapter	[KUCOIN_ADAPTER] Message published to message bus
2025-10-02 22:54:58.657233	DEBUG	kucoin_adapter	[KUCOIN_ADAPTER] RECEIVED from KuCoin: {"topic":"/spotMarket/level1:ERG-USDT","type":"message","subject":"level1","data":{"asks":["0.7474","107.38"],"bids":["0.747","25.4338"],"timestamp":1759438491859}}
2025-10-02 22:54:58.657287	DEBUG	kucoin_adapter	[KUCOIN_ADAPTER] Added PairID 12204 for symbol ERG/USDT
2025-10-02 22:54:58.657318	DEBUG	kucoin_adapter	[KUCOIN_ADAPTER] Publishing unified message: {"exchange":"kucoin","symbol":"ERG/USDT","unified_symbol":{"base_currency":"ERG","quote_currency":"USDT","market_type":"spot","symbol":"ERG/USDT","original_symbol":"ERG-USDT"},"message_type":"best_price","timestamp":"2025-10-02T22:54:58.657273552+02:00","data":{"symbol":"ERG/USDT","unified_symbol":{"base_currency":"ERG","quote_currency":"USDT","market_type":"spot","symbol":"ERG/USDT","original_symbol":"ERG-USDT"},"timestamp":"2025-10-02T22:54:58.657273552+02:00","best_bid":0,"best_ask":0,"bid_volume":0,"ask_volume":0,"raw":{"id":"","type":"message","topic":"/spotMarket/level1:ERG-USDT","userId":"","data":{"asks":["0.7474","107.38"],"bids":["0.747","25.4338"],"timestamp":1759438491859},"ts":0}},"pair_id":12204}
2025-10-02 22:54:58.657345	DEBUG	message_bus	[MESSAGE_BUS] No subscribers for exchange kucoin
2025-10-02 22:54:58.657354	DEBUG	kucoin_adapter	[KUCOIN_ADAPTER] Message published to message bus
2025-10-02 22:54:58.693578	DEBUG	kucoin_adapter	[KUCOIN_ADAPTER] RECEIVED from KuCoin: {"topic":"/spotMarket/level1:ERG-USDT","type":"message","subject":"level1","data":{"asks":["0.7474","107.38"],"bids":["0.7469","107.7382"],"timestamp":1759438491895}}
2025-10-02 22:54:58.693650	DEBUG	kucoin_adapter	[KUCOIN_ADAPTER] Added PairID 12204 for symbol ERG/USDT
2025-10-02 22:54:58.693690	DEBUG	kucoin_adapter	[KUCOIN_ADAPTER] Publishing unified message: {"exchange":"kucoin","symbol":"ERG/USDT","unified_symbol":{"base_currency":"ERG","quote_currency":"USDT","market_type":"spot","symbol":"ERG/USDT","original_symbol":"ERG-USDT"},"message_type":"best_price","timestamp":"2025-10-02T22:54:58.69363453+02:00","data":{"symbol":"ERG/USDT","unified_symbol":{"base_currency":"ERG","quote_currency":"USDT","market_type":"spot","symbol":"ERG/USDT","original_symbol":"ERG-USDT"},"timestamp":"2025-10-02T22:54:58.69363453+02:00","best_bid":0,"best_ask":0,"bid_volume":0,"ask_volume":0,"raw":{"id":"","type":"message","topic":"/spotMarket/level1:ERG-USDT","userId":"","data":{"asks":["0.7474","107.38"],"bids":["0.7469","107.7382"],"timestamp":1759438491895},"ts":0}},"pair_id":12204}
2025-10-02 22:54:58.693707	DEBUG	message_bus	[MESSAGE_BUS] No subscribers for exchange kucoin
2025-10-02 22:54:58.693715	DEBUG	kucoin_adapter	[KUCOIN_ADAPTER] Message published to message bus
2025-10-02 22:54:58.712949	DEBUG	kucoin_adapter	[KUCOIN_ADAPTER] RECEIVED from KuCoin: {"topic":"/spotMarket/level2Depth5:ERG-USDT","type":"message","subject":"level2","data":{"asks":[["0.7474","107.38"],["0.7486","13.9193"],["0.7497","33.5533"],["0.7511","10.602"],["0.7519","82.2133"]],"bids":[["0.7469","107.7382"],["0.7462","13.9193"],["0.7456","261.904"],["0.744","16.4313"],["0.7439","415.629"]],"timestamp":1759438491908}}
2025-10-02 22:54:58.713031	DEBUG	kucoin_adapter	[KUCOIN_ADAPTER] Added PairID 12204 for symbol ERG/USDT
2025-10-02 22:54:58.713074	DEBUG	kucoin_adapter	[KUCOIN_ADAPTER] Publishing unified message: {"exchange":"kucoin","symbol":"ERG/USDT","unified_symbol":{"base_currency":"ERG","quote_currency":"USDT","market_type":"spot","symbol":"ERG/USDT","original_symbol":"ERG-USDT"},"message_type":"orderbook","timestamp":"2025-10-02T22:54:58.713001574+02:00","data":{"symbol":"ERG/USDT","unified_symbol":{"base_currency":"ERG","quote_currency":"USDT","market_type":"spot","symbol":"ERG/USDT","original_symbol":"ERG-USDT"},"timestamp":"2025-10-02T22:54:58.713001574+02:00","bids":[{"price":0.7469,"volume":107.7382},{"price":0.7462,"volume":13.9193},{"price":0.7456,"volume":261.904},{"price":0.744,"volume":16.4313},{"price":0.7439,"volume":415.629}],"asks":[{"price":0.7474,"volume":107.38},{"price":0.7486,"volume":13.9193},{"price":0.7497,"volume":33.5533},{"price":0.7511,"volume":10.602},{"price":0.7519,"volume":82.2133}],"depth":10,"update_type":"snapshot","raw":{"id":"","type":"message","topic":"/spotMarket/level2Depth5:ERG-USDT","userId":"","data":{"asks":[["0.7474","107.38"],["0.7486","13.9193"],["0.7497","33.5533"],["0.7511","10.602"],["0.7519","82.2133"]],"bids":[["0.7469","107.7382"],["0.7462","13.9193"],["0.7456","261.904"],["0.744","16.4313"],["0.7439","415.629"]],"timestamp":1759438491908},"ts":0}},"pair_id":12204}
2025-10-02 22:54:58.713087	DEBUG	message_bus	[MESSAGE_BUS] No subscribers for exchange kucoin
2025-10-02 22:54:58.713096	DEBUG	kucoin_adapter	[KUCOIN_ADAPTER] Message published to message bus
2025-10-02 22:54:58.724180	DEBUG	kucoin_adapter	[KUCOIN_ADAPTER] RECEIVED from KuCoin: {"topic":"/spotMarket/level1:ERG-USDT","type":"message","subject":"level1","data":{"asks":["0.7472","6481.0189"],"bids":["0.747","25.4338"],"timestamp":1759438491925}}
2025-10-02 22:54:58.724257	DEBUG	kucoin_adapter	[KUCOIN_ADAPTER] Added PairID 12204 for symbol ERG/USDT
2025-10-02 22:54:58.724294	DEBUG	kucoin_adapter	[KUCOIN_ADAPTER] Publishing unified message: {"exchange":"kucoin","symbol":"ERG/USDT","unified_symbol":{"base_currency":"ERG","quote_currency":"USDT","market_type":"spot","symbol":"ERG/USDT","original_symbol":"ERG-USDT"},"message_type":"best_price","timestamp":"2025-10-02T22:54:58.724237081+02:00","data":{"symbol":"ERG/USDT","unified_symbol":{"base_currency":"ERG","quote_currency":"USDT","market_type":"spot","symbol":"ERG/USDT","original_symbol":"ERG-USDT"},"timestamp":"2025-10-02T22:54:58.724237081+02:00","best_bid":0,"best_ask":0,"bid_volume":0,"ask_volume":0,"raw":{"id":"","type":"message","topic":"/spotMarket/level1:ERG-USDT","userId":"","data":{"asks":["0.7472","6481.0189"],"bids":["0.747","25.4338"],"timestamp":1759438491925},"ts":0}},"pair_id":12204}
2025-10-02 22:54:58.724305	DEBUG	message_bus	[MESSAGE_BUS] No subscribers for exchange kucoin
2025-10-02 22:54:58.724313	DEBUG	kucoin_adapter	[KUCOIN_ADAPTER] Message published to message bus
2025-10-02 22:54:58.737600	DEBUG	kucoin_adapter	[KUCOIN_ADAPTER] RECEIVED from KuCoin: {"topic":"/spotMarket/level1:ERG-USDT","type":"message","subject":"level1","data":{"asks":["0.7472","6481.0189"],"bids":["0.7469","107.7382"],"timestamp":1759438491939}}
2025-10-02 22:54:58.737680	DEBUG	kucoin_adapter	[KUCOIN_ADAPTER] Added PairID 12204 for symbol ERG/USDT
2025-10-02 22:54:58.737703	DEBUG	kucoin_adapter	[KUCOIN_ADAPTER] Publishing unified message: {"exchange":"kucoin","symbol":"ERG/USDT","unified_symbol":{"base_currency":"ERG","quote_currency":"USDT","market_type":"spot","symbol":"ERG/USDT","original_symbol":"ERG-USDT"},"message_type":"best_price","timestamp":"2025-10-02T22:54:58.737666942+02:00","data":{"symbol":"ERG/USDT","unified_symbol":{"base_currency":"ERG","quote_currency":"USDT","market_type":"spot","symbol":"ERG/USDT","original_symbol":"ERG-USDT"},"timestamp":"2025-10-02T22:54:58.737666942+02:00","best_bid":0,"best_ask":0,"bid_volume":0,"ask_volume":0,"raw":{"id":"","type":"message","topic":"/spotMarket/level1:ERG-USDT","userId":"","data":{"asks":["0.7472","6481.0189"],"bids":["0.7469","107.7382"],"timestamp":1759438491939},"ts":0}},"pair_id":12204}
2025-10-02 22:54:58.737712	DEBUG	message_bus	[MESSAGE_BUS] No subscribers for exchange kucoin
2025-10-02 22:54:58.737721	DEBUG	kucoin_adapter	[KUCOIN_ADAPTER] Message published to message bus
2025-10-02 22:54:58.750938	DEBUG	kucoin_adapter	[KUCOIN_ADAPTER] RECEIVED from KuCoin: {"topic":"/spotMarket/level1:ERG-USDT","type":"message","subject":"level1","data":{"asks":["0.7474","107.38"],"bids":["0.7469","107.7382"],"timestamp":1759438491953}}
2025-10-02 22:54:58.751006	DEBUG	kucoin_adapter	[KUCOIN_ADAPTER] Added PairID 12204 for symbol ERG/USDT
2025-10-02 22:54:58.751030	DEBUG	kucoin_adapter	[KUCOIN_ADAPTER] Publishing unified message: {"exchange":"kucoin","symbol":"ERG/USDT","unified_symbol":{"base_currency":"ERG","quote_currency":"USDT","market_type":"spot","symbol":"ERG/USDT","original_symbol":"ERG-USDT"},"message_type":"best_price","timestamp":"2025-10-02T22:54:58.75098826+02:00","data":{"symbol":"ERG/USDT","unified_symbol":{"base_currency":"ERG","quote_currency":"USDT","market_type":"spot","symbol":"ERG/USDT","original_symbol":"ERG-USDT"},"timestamp":"2025-10-02T22:54:58.75098826+02:00","best_bid":0,"best_ask":0,"bid_volume":0,"ask_volume":0,"raw":{"id":"","type":"message","topic":"/spotMarket/level1:ERG-USDT","userId":"","data":{"asks":["0.7474","107.38"],"bids":["0.7469","107.7382"],"timestamp":1759438491953},"ts":0}},"pair_id":12204}
2025-10-02 22:54:58.751040	DEBUG	message_bus	[MESSAGE_BUS] No subscribers for exchange kucoin
2025-10-02 22:54:58.751048	DEBUG	kucoin_adapter	[KUCOIN_ADAPTER] Message published to message bus
2025-10-02 22:54:58.784975	DEBUG	kucoin_adapter	[KUCOIN_ADAPTER] RECEIVED from KuCoin: {"topic":"/spotMarket/level1:ERG-USDT","type":"message","subject":"level1","data":{"asks":["0.7474","107.38"],"bids":["0.747","25.4338"],"timestamp":1759438491987}}
2025-10-02 22:54:58.785051	DEBUG	kucoin_adapter	[KUCOIN_ADAPTER] Added PairID 12204 for symbol ERG/USDT
2025-10-02 22:54:58.785075	DEBUG	kucoin_adapter	[KUCOIN_ADAPTER] Publishing unified message: {"exchange":"kucoin","symbol":"ERG/USDT","unified_symbol":{"base_currency":"ERG","quote_currency":"USDT","market_type":"spot","symbol":"ERG/USDT","original_symbol":"ERG-USDT"},"message_type":"best_price","timestamp":"2025-10-02T22:54:58.78503553+02:00","data":{"symbol":"ERG/USDT","unified_symbol":{"base_currency":"ERG","quote_currency":"USDT","market_type":"spot","symbol":"ERG/USDT","original_symbol":"ERG-USDT"},"timestamp":"2025-10-02T22:54:58.78503553+02:00","best_bid":0,"best_ask":0,"bid_volume":0,"ask_volume":0,"raw":{"id":"","type":"message","topic":"/spotMarket/level1:ERG-USDT","userId":"","data":{"asks":["0.7474","107.38"],"bids":["0.747","25.4338"],"timestamp":1759438491987},"ts":0}},"pair_id":12204}
2025-10-02 22:54:58.785086	DEBUG	message_bus	[MESSAGE_BUS] No subscribers for exchange kucoin
2025-10-02 22:54:58.785094	DEBUG	kucoin_adapter	[KUCOIN_ADAPTER] Message published to message bus
2025-10-02 22:54:58.804168	DEBUG	kucoin_adapter	[KUCOIN_ADAPTER] RECEIVED from KuCoin: {"topic":"/spotMarket/level1:ERG-USDT","type":"message","subject":"level1","data":{"asks":["0.7472","6481.0189"],"bids":["0.7469","107.7382"],"timestamp":1759438492006}}
2025-10-02 22:54:58.804234	DEBUG	kucoin_adapter	[KUCOIN_ADAPTER] Added PairID 12204 for symbol ERG/USDT
2025-10-02 22:54:58.804260	DEBUG	kucoin_adapter	[KUCOIN_ADAPTER] Publishing unified message: {"exchange":"kucoin","symbol":"ERG/USDT","unified_symbol":{"base_currency":"ERG","quote_currency":"USDT","market_type":"spot","symbol":"ERG/USDT","original_symbol":"ERG-USDT"},"message_type":"best_price","timestamp":"2025-10-02T22:54:58.804217076+02:00","data":{"symbol":"ERG/USDT","unified_symbol":{"base_currency":"ERG","quote_currency":"USDT","market_type":"spot","symbol":"ERG/USDT","original_symbol":"ERG-USDT"},"timestamp":"2025-10-02T22:54:58.804217076+02:00","best_bid":0,"best_ask":0,"bid_volume":0,"ask_volume":0,"raw":{"id":"","type":"message","topic":"/spotMarket/level1:ERG-USDT","userId":"","data":{"asks":["0.7472","6481.0189"],"bids":["0.7469","107.7382"],"timestamp":1759438492006},"ts":0}},"pair_id":12204}
2025-10-02 22:54:58.804270	DEBUG	message_bus	[MESSAGE_BUS] No subscribers for exchange kucoin
2025-10-02 22:54:58.804278	DEBUG	kucoin_adapter	[KUCOIN_ADAPTER] Message published to message bus
2025-10-02 22:54:58.810154	DEBUG	kucoin_adapter	[KUCOIN_ADAPTER] RECEIVED from KuCoin: {"topic":"/spotMarket/level2Depth5:ERG-USDT","type":"message","subject":"level2","data":{"asks":[["0.7472","6481.0189"],["0.7474","107.38"],["0.7486","13.9193"],["0.7497","33.5533"],["0.7511","10.602"]],"bids":[["0.7469","107.7382"],["0.7462","13.9193"],["0.7456","261.904"],["0.744","16.4313"],["0.7439","415.629"]],"timestamp":1759438492008}}
2025-10-02 22:54:58.810232	DEBUG	kucoin_adapter	[KUCOIN_ADAPTER] Added PairID 12204 for symbol ERG/USDT
2025-10-02 22:54:58.810279	DEBUG	kucoin_adapter	[KUCOIN_ADAPTER] Publishing unified message: {"exchange":"kucoin","symbol":"ERG/USDT","unified_symbol":{"base_currency":"ERG","quote_currency":"USDT","market_type":"spot","symbol":"ERG/USDT","original_symbol":"ERG-USDT"},"message_type":"orderbook","timestamp":"2025-10-02T22:54:58.810205785+02:00","data":{"symbol":"ERG/USDT","unified_symbol":{"base_currency":"ERG","quote_currency":"USDT","market_type":"spot","symbol":"ERG/USDT","original_symbol":"ERG-USDT"},"timestamp":"2025-10-02T22:54:58.810205785+02:00","bids":[{"price":0.7469,"volume":107.7382},{"price":0.7462,"volume":13.9193},{"price":0.7456,"volume":261.904},{"price":0.744,"volume":16.4313},{"price":0.7439,"volume":415.629}],"asks":[{"price":0.7472,"volume":6481.0189},{"price":0.7474,"volume":107.38},{"price":0.7486,"volume":13.9193},{"price":0.7497,"volume":33.5533},{"price":0.7511,"volume":10.602}],"depth":10,"update_type":"snapshot","raw":{"id":"","type":"message","topic":"/spotMarket/level2Depth5:ERG-USDT","userId":"","data":{"asks":[["0.7472","6481.0189"],["0.7474","107.38"],["0.7486","13.9193"],["0.7497","33.5533"],["0.7511","10.602"]],"bids":[["0.7469","107.7382"],["0.7462","13.9193"],["0.7456","261.904"],["0.744","16.4313"],["0.7439","415.629"]],"timestamp":1759438492008},"ts":0}},"pair_id":12204}
2025-10-02 22:54:58.810316	DEBUG	message_bus	[MESSAGE_BUS] No subscribers for exchange kucoin
2025-10-02 22:54:58.810325	DEBUG	kucoin_adapter	[KUCOIN_ADAPTER] Message published to message bus
2025-10-02 22:54:58.822077	DEBUG	kucoin_adapter	[KUCOIN_ADAPTER] RECEIVED from KuCoin: {"topic":"/spotMarket/level1:ERG-USDT","type":"message","subject":"level1","data":{"asks":["0.7474","107.38"],"bids":["0.7469","107.7382"],"timestamp":1759438492023}}
2025-10-02 22:54:58.822141	DEBUG	kucoin_adapter	[KUCOIN_ADAPTER] Added PairID 12204 for symbol ERG/USDT
2025-10-02 22:54:58.822165	DEBUG	kucoin_adapter	[KUCOIN_ADAPTER] Publishing unified message: {"exchange":"kucoin","symbol":"ERG/USDT","unified_symbol":{"base_currency":"ERG","quote_currency":"USDT","market_type":"spot","symbol":"ERG/USDT","original_symbol":"ERG-USDT"},"message_type":"best_price","timestamp":"2025-10-02T22:54:58.822125014+02:00","data":{"symbol":"ERG/USDT","unified_symbol":{"base_currency":"ERG","quote_currency":"USDT","market_type":"spot","symbol":"ERG/USDT","original_symbol":"ERG-USDT"},"timestamp":"2025-10-02T22:54:58.822125014+02:00","best_bid":0,"best_ask":0,"bid_volume":0,"ask_volume":0,"raw":{"id":"","type":"message","topic":"/spotMarket/level1:ERG-USDT","userId":"","data":{"asks":["0.7474","107.38"],"bids":["0.7469","107.7382"],"timestamp":1759438492023},"ts":0}},"pair_id":12204}
2025-10-02 22:54:58.822175	DEBUG	message_bus	[MESSAGE_BUS] No subscribers for exchange kucoin
2025-10-02 22:54:58.822183	DEBUG	kucoin_adapter	[KUCOIN_ADAPTER] Message published to message bus
2025-10-02 22:54:58.844832	DEBUG	kucoin_adapter	[KUCOIN_ADAPTER] RECEIVED from KuCoin: {"topic":"/spotMarket/level1:ERG-USDT","type":"message","subject":"level1","data":{"asks":["0.7472","6481.0189"],"bids":["0.7469","107.7382"],"timestamp":1759438492046}}
2025-10-02 22:54:58.844899	DEBUG	kucoin_adapter	[KUCOIN_ADAPTER] Added PairID 12204 for symbol ERG/USDT
2025-10-02 22:54:58.844923	DEBUG	kucoin_adapter	[KUCOIN_ADAPTER] Publishing unified message: {"exchange":"kucoin","symbol":"ERG/USDT","unified_symbol":{"base_currency":"ERG","quote_currency":"USDT","market_type":"spot","symbol":"ERG/USDT","original_symbol":"ERG-USDT"},"message_type":"best_price","timestamp":"2025-10-02T22:54:58.844882746+02:00","data":{"symbol":"ERG/USDT","unified_symbol":{"base_currency":"ERG","quote_currency":"USDT","market_type":"spot","symbol":"ERG/USDT","original_symbol":"ERG-USDT"},"timestamp":"2025-10-02T22:54:58.844882746+02:00","best_bid":0,"best_ask":0,"bid_volume":0,"ask_volume":0,"raw":{"id":"","type":"message","topic":"/spotMarket/level1:ERG-USDT","userId":"","data":{"asks":["0.7472","6481.0189"],"bids":["0.7469","107.7382"],"timestamp":1759438492046},"ts":0}},"pair_id":12204}
2025-10-02 22:54:58.844935	DEBUG	message_bus	[MESSAGE_BUS] No subscribers for exchange kucoin
2025-10-02 22:54:58.844945	DEBUG	kucoin_adapter	[KUCOIN_ADAPTER] Message published to message bus
2025-10-02 22:54:58.856586	DEBUG	kucoin_adapter	[KUCOIN_ADAPTER] RECEIVED from KuCoin: {"topic":"/spotMarket/level1:ERG-USDT","type":"message","subject":"level1","data":{"asks":["0.747","6481.0189"],"bids":["0.7469","107.7382"],"timestamp":1759438492058}}
2025-10-02 22:54:58.856661	DEBUG	kucoin_adapter	[KUCOIN_ADAPTER] Added PairID 12204 for symbol ERG/USDT
2025-10-02 22:54:58.856697	DEBUG	kucoin_adapter	[KUCOIN_ADAPTER] Publishing unified message: {"exchange":"kucoin","symbol":"ERG/USDT","unified_symbol":{"base_currency":"ERG","quote_currency":"USDT","market_type":"spot","symbol":"ERG/USDT","original_symbol":"ERG-USDT"},"message_type":"best_price","timestamp":"2025-10-02T22:54:58.856643939+02:00","data":{"symbol":"ERG/USDT","unified_symbol":{"base_currency":"ERG","quote_currency":"USDT","market_type":"spot","symbol":"ERG/USDT","original_symbol":"ERG-USDT"},"timestamp":"2025-10-02T22:54:58.856643939+02:00","best_bid":0,"best_ask":0,"bid_volume":0,"ask_volume":0,"raw":{"id":"","type":"message","topic":"/spotMarket/level1:ERG-USDT","userId":"","data":{"asks":["0.747","6481.0189"],"bids":["0.7469","107.7382"],"timestamp":1759438492058},"ts":0}},"pair_id":12204}
2025-10-02 22:54:58.856716	DEBUG	message_bus	[MESSAGE_BUS] No subscribers for exchange kucoin
2025-10-02 22:54:58.856724	DEBUG	kucoin_adapter	[KUCOIN_ADAPTER] Message published to message bus
2025-10-02 22:54:58.868798	DEBUG	kucoin_adapter	[KUCOIN_ADAPTER] RECEIVED from KuCoin: {"topic":"/spotMarket/level1:ERG-USDT","type":"message","subject":"level1","data":{"asks":["0.7472","6481.0189"],"bids":["0.7469","107.7382"],"timestamp":1759438492070}}
2025-10-02 22:54:58.868857	DEBUG	kucoin_adapter	[KUCOIN_ADAPTER] Added PairID 12204 for symbol ERG/USDT
2025-10-02 22:54:58.868882	DEBUG	kucoin_adapter	[KUCOIN_ADAPTER] Publishing unified message: {"exchange":"kucoin","symbol":"ERG/USDT","unified_symbol":{"base_currency":"ERG","quote_currency":"USDT","market_type":"spot","symbol":"ERG/USDT","original_symbol":"ERG-USDT"},"message_type":"best_price","timestamp":"2025-10-02T22:54:58.868843944+02:00","data":{"symbol":"ERG/USDT","unified_symbol":{"base_currency":"ERG","quote_currency":"USDT","market_type":"spot","symbol":"ERG/USDT","original_symbol":"ERG-USDT"},"timestamp":"2025-10-02T22:54:58.868843944+02:00","best_bid":0,"best_ask":0,"bid_volume":0,"ask_volume":0,"raw":{"id":"","type":"message","topic":"/spotMarket/level1:ERG-USDT","userId":"","data":{"asks":["0.7472","6481.0189"],"bids":["0.7469","107.7382"],"timestamp":1759438492070},"ts":0}},"pair_id":12204}
2025-10-02 22:54:58.868897	DEBUG	message_bus	[MESSAGE_BUS] No subscribers for exchange kucoin
2025-10-02 22:54:58.868911	DEBUG	kucoin_adapter	[KUCOIN_ADAPTER] Message published to message bus
2025-10-02 22:54:58.882048	DEBUG	kucoin_adapter	[KUCOIN_ADAPTER] RECEIVED from KuCoin: {"topic":"/spotMarket/level1:ERG-USDT","type":"message","subject":"level1","data":{"asks":["0.7472","6481.0189"],"bids":["0.747","25.4338"],"timestamp":1759438492083}}
2025-10-02 22:54:58.882105	DEBUG	kucoin_adapter	[KUCOIN_ADAPTER] Added PairID 12204 for symbol ERG/USDT
2025-10-02 22:54:58.882130	DEBUG	kucoin_adapter	[KUCOIN_ADAPTER] Publishing unified message: {"exchange":"kucoin","symbol":"ERG/USDT","unified_symbol":{"base_currency":"ERG","quote_currency":"USDT","market_type":"spot","symbol":"ERG/USDT","original_symbol":"ERG-USDT"},"message_type":"best_price","timestamp":"2025-10-02T22:54:58.882088348+02:00","data":{"symbol":"ERG/USDT","unified_symbol":{"base_currency":"ERG","quote_currency":"USDT","market_type":"spot","symbol":"ERG/USDT","original_symbol":"ERG-USDT"},"timestamp":"2025-10-02T22:54:58.882088348+02:00","best_bid":0,"best_ask":0,"bid_volume":0,"ask_volume":0,"raw":{"id":"","type":"message","topic":"/spotMarket/level1:ERG-USDT","userId":"","data":{"asks":["0.7472","6481.0189"],"bids":["0.747","25.4338"],"timestamp":1759438492083},"ts":0}},"pair_id":12204}
2025-10-02 22:54:58.882151	DEBUG	message_bus	[MESSAGE_BUS] No subscribers for exchange kucoin
2025-10-02 22:54:58.882160	DEBUG	kucoin_adapter	[KUCOIN_ADAPTER] Message published to message bus
2025-10-02 22:54:58.893736	DEBUG	kucoin_adapter	[KUCOIN_ADAPTER] RECEIVED from KuCoin: {"topic":"/spotMarket/level1:ERG-USDT","type":"message","subject":"level1","data":{"asks":["0.7474","107.38"],"bids":["0.747","25.4338"],"timestamp":1759438492095}}
2025-10-02 22:54:58.893795	DEBUG	kucoin_adapter	[KUCOIN_ADAPTER] Added PairID 12204 for symbol ERG/USDT
2025-10-02 22:54:58.893818	DEBUG	kucoin_adapter	[KUCOIN_ADAPTER] Publishing unified message: {"exchange":"kucoin","symbol":"ERG/USDT","unified_symbol":{"base_currency":"ERG","quote_currency":"USDT","market_type":"spot","symbol":"ERG/USDT","original_symbol":"ERG-USDT"},"message_type":"best_price","timestamp":"2025-10-02T22:54:58.893779529+02:00","data":{"symbol":"ERG/USDT","unified_symbol":{"base_currency":"ERG","quote_currency":"USDT","market_type":"spot","symbol":"ERG/USDT","original_symbol":"ERG-USDT"},"timestamp":"2025-10-02T22:54:58.893779529+02:00","best_bid":0,"best_ask":0,"bid_volume":0,"ask_volume":0,"raw":{"id":"","type":"message","topic":"/spotMarket/level1:ERG-USDT","userId":"","data":{"asks":["0.7474","107.38"],"bids":["0.747","25.4338"],"timestamp":1759438492095},"ts":0}},"pair_id":12204}
2025-10-02 22:54:58.893845	DEBUG	message_bus	[MESSAGE_BUS] No subscribers for exchange kucoin
2025-10-02 22:54:58.893854	DEBUG	kucoin_adapter	[KUCOIN_ADAPTER] Message published to message bus
2025-10-02 22:54:58.909665	DEBUG	kucoin_adapter	[KUCOIN_ADAPTER] RECEIVED from KuCoin: {"topic":"/spotMarket/level1:ERG-USDT","type":"message","subject":"level1","data":{"asks":["0.7474","107.38"],"bids":["0.7469","107.7382"],"timestamp":1759438492111}}
2025-10-02 22:54:58.909721	DEBUG	kucoin_adapter	[KUCOIN_ADAPTER] Added PairID 12204 for symbol ERG/USDT
